,time,price,change,volume,amount,type
0,09:25:01,14.9,0.09,1570,2339300,卖盘
1,09:30:01,14.96,0.06,242,361456,买盘
2,09:30:04,14.93,-0.03,2195,3272689,卖盘
3,09:30:07,14.95,0.02,76,113503,中性盘
4,09:30:10,14.95,0.0,107,160008,卖盘
5,09:30:13,14.96,0.01,47,70330,中性盘
6,09:30:16,14.97,0.01,50,74829,买盘
7,09:30:18,14.97,0.0,225,336571,买盘
8,09:30:22,14.98,0.01,56,83872,买盘
9,09:30:25,14.97,-0.01,73,109295,卖盘
10,09:30:27,14.98,0.01,455,681386,买盘
11,09:30:31,14.99,0.01,176,263736,买盘
12,09:30:33,14.98,-0.01,901,1350327,卖盘
13,09:30:37,15.0,0.02,108,161839,买盘
14,09:30:39,15.0,0.0,24,35984,买盘
15,09:30:43,14.99,-0.01,71,106456,卖盘
16,09:30:46,15.0,0.01,98,146982,买盘
17,09:30:48,15.0,0.0,107,160509,卖盘
18,09:30:51,14.99,-0.01,254,381017,卖盘
19,09:30:55,14.98,-0.01,251,376077,卖盘
20,09:30:58,14.97,-0.01,181,270942,中性盘
21,09:31:01,14.97,0.0,141,211045,买盘
22,09:31:05,14.95,-0.02,55,82237,卖盘
23,09:31:07,14.93,-0.02,147,219692,卖盘
24,09:31:10,14.95,0.02,48,71665,买盘
25,09:31:13,14.93,-0.02,650,971508,中性盘
26,09:31:16,14.93,0.0,156,232828,卖盘
27,09:31:19,14.94,0.01,114,170219,中性盘
28,09:31:22,14.95,0.01,21,31387,买盘
29,09:31:24,14.95,0.0,216,322654,卖盘
30,09:31:28,14.94,-0.01,26,38864,中性盘
31,09:31:31,14.95,0.01,22,32897,买盘
32,09:31:34,14.94,-0.01,109,162948,卖盘
33,09:31:36,14.94,0.0,50,74683,买盘
34,09:31:40,14.93,-0.01,414,618502,卖盘
35,09:31:43,14.94,0.01,102,152365,买盘
36,09:31:46,14.95,0.01,14,20921,买盘
37,09:31:48,14.95,0.0,87,130033,买盘
38,09:31:52,14.94,-0.01,15,22410,卖盘
39,09:31:55,14.95,0.01,267,399023,买盘
40,09:31:58,14.93,-0.02,319,476637,卖盘
41,09:32:01,14.94,0.01,272,406321,买盘
42,09:32:04,14.93,-0.01,327,488227,卖盘
43,09:32:07,14.93,0.0,42,62670,买盘
44,09:32:10,14.93,0.0,99,147758,买盘
45,09:32:12,14.93,0.0,1046,1559957,买盘
46,09:32:16,14.93,0.0,395,589718,买盘
47,09:32:19,14.93,0.0,71,106023,卖盘
48,09:32:22,14.93,0.0,109,162749,卖盘
49,09:32:25,14.93,0.0,480,716800,卖盘
50,09:32:28,14.93,0.0,182,271773,卖盘
51,09:32:31,14.93,0.0,126,188172,卖盘
52,09:32:34,14.92,-0.01,117,174604,卖盘
53,09:32:37,14.92,0.0,316,471206,买盘
54,09:32:40,14.92,0.0,58,86541,卖盘
55,09:32:43,14.93,0.01,213,317859,买盘
56,09:32:46,14.92,-0.01,190,283605,卖盘
57,09:32:49,14.91,-0.01,86,128309,卖盘
58,09:32:52,14.9,-0.01,123,183391,卖盘
59,09:32:54,14.91,0.01,1071,1595858,中性盘
60,09:32:58,14.92,0.01,129,192397,买盘
61,09:33:00,14.92,0.0,77,114886,卖盘
62,09:33:05,14.92,0.0,389,580360,卖盘
63,09:33:07,14.92,0.0,119,177477,买盘
64,09:33:10,14.91,-0.01,204,304201,卖盘
65,09:33:13,14.91,0.0,85,126740,卖盘
66,09:33:16,14.91,0.0,50,74553,买盘
67,09:33:19,14.9,-0.01,290,432189,卖盘
68,09:33:22,14.92,0.02,359,535085,买盘
69,09:33:25,14.9,-0.02,67,99864,卖盘
70,09:33:27,14.91,0.01,112,166904,买盘
71,09:33:31,14.91,0.0,122,181902,卖盘
72,09:33:33,14.91,0.0,366,545892,卖盘
73,09:33:37,14.91,0.0,21,31316,卖盘
74,09:33:39,14.91,0.0,161,240094,卖盘
75,09:33:43,14.91,0.0,48,71568,卖盘
76,09:33:46,14.91,0.0,46,68598,卖盘
77,09:33:49,14.91,0.0,484,721644,卖盘
78,09:33:52,14.91,0.0,109,162507,买盘
79,09:33:55,14.9,-0.01,20,29810,卖盘
80,09:33:58,14.91,0.01,38,56662,中性盘
81,09:34:01,14.9,-0.01,723,1077407,卖盘
82,09:34:05,14.89,-0.01,554,824921,卖盘
83,09:34:07,14.9,0.01,284,422650,买盘
84,09:34:10,14.89,-0.01,251,373766,中性盘
85,09:34:13,14.89,0.0,109,162256,卖盘
86,09:34:16,14.89,0.0,116,172706,买盘
87,09:34:19,14.88,-0.01,87,129483,卖盘
88,09:34:22,14.88,0.0,163,242679,卖盘
89,09:34:25,14.88,0.0,81,120530,卖盘
90,09:34:28,14.88,0.0,126,187467,买盘
91,09:34:31,14.87,-0.01,278,413399,卖盘
92,09:34:34,14.87,0.0,370,550109,买盘
93,09:34:37,14.87,0.0,123,182792,买盘
94,09:34:40,14.87,0.0,98,145664,买盘
95,09:34:43,14.87,0.0,168,249734,买盘
96,09:34:45,14.87,0.0,40,59480,卖盘
97,09:34:49,14.87,0.0,99,147253,卖盘
98,09:34:52,14.87,0.0,1277,1895774,卖盘
99,09:34:55,14.85,-0.02,182,270684,中性盘
100,09:34:58,14.87,0.02,106,157412,买盘
101,09:35:01,14.87,0.0,101,150050,买盘
102,09:35:05,14.87,0.0,1194,1771892,买盘
103,09:35:07,14.87,0.0,63,93673,中性盘
104,09:35:10,14.85,-0.02,46,68334,卖盘
105,09:35:13,14.88,0.03,150,223061,买盘
106,09:35:16,14.89,0.01,508,755924,买盘
107,09:35:19,14.87,-0.02,32,47641,卖盘
108,09:35:22,14.9,0.03,10,14890,买盘
109,09:35:25,14.9,0.0,28,41720,买盘
110,09:35:28,14.92,0.02,185,275688,买盘
111,09:35:31,14.92,0.0,3,4476,买盘
112,09:35:34,14.92,0.0,563,838884,买盘
113,09:35:36,14.93,0.01,134,199958,买盘
114,09:35:40,14.93,0.0,121,180548,买盘
115,09:35:43,14.93,0.0,96,143393,买盘
116,09:35:46,14.95,0.02,18,26884,买盘
117,09:35:49,14.93,-0.02,15,22395,卖盘
118,09:35:52,14.95,0.02,149,222743,买盘
119,09:35:55,14.95,0.0,42,62790,买盘
120,09:35:58,14.94,-0.01,825,1231573,卖盘
121,09:36:01,14.95,0.01,305,456054,买盘
122,09:36:05,14.93,-0.02,553,824256,卖盘
123,09:36:07,14.93,0.0,113,168709,买盘
124,09:36:10,14.93,0.0,188,280594,买盘
125,09:36:13,14.93,0.0,47,70203,中性盘
126,09:36:16,14.92,-0.01,238,355367,卖盘
127,09:36:19,14.92,0.0,34,50746,卖盘
128,09:36:22,14.92,0.0,187,279045,卖盘
129,09:36:25,14.91,-0.01,272,405879,卖盘
130,09:36:28,14.93,0.02,145,216386,买盘
131,09:36:31,14.93,0.0,185,275982,买盘
132,09:36:33,14.93,0.0,73,108953,买盘
133,09:36:37,14.93,0.0,186,277684,买盘
134,09:36:40,14.94,0.01,114,170200,买盘
135,09:36:43,14.93,-0.01,68,101500,卖盘
136,09:36:46,14.94,0.01,110,164224,买盘
137,09:36:48,14.93,-0.01,82,122470,卖盘
138,09:36:52,14.93,0.0,203,302978,卖盘
139,09:36:55,14.93,0.0,74,110482,买盘
140,09:36:57,14.93,0.0,95,141835,买盘
141,09:37:01,14.92,-0.01,14,22116,卖盘
142,09:37:05,14.93,0.01,107,159746,买盘
143,09:37:07,14.93,0.0,148,220888,买盘
144,09:37:10,14.93,0.0,173,258289,卖盘
145,09:37:13,14.93,0.0,162,241997,卖盘
146,09:37:15,14.94,0.01,67,100076,中性盘
147,09:37:19,14.93,-0.01,26,38836,卖盘
148,09:37:22,14.94,0.01,49,73206,中性盘
149,09:37:25,14.95,0.01,85,126981,买盘
150,09:37:28,14.94,-0.01,103,153915,卖盘
151,09:37:31,14.95,0.01,109,162944,买盘
152,09:37:34,14.94,-0.01,121,180883,卖盘
153,09:37:37,14.95,0.01,12,17942,卖盘
154,09:37:40,14.95,0.0,105,157010,卖盘
155,09:37:43,14.95,0.0,49,73289,卖盘
156,09:37:46,14.96,0.01,89,133134,买盘
157,09:37:49,14.97,0.01,16,23952,买盘
158,09:37:52,14.96,-0.01,181,270196,卖盘
159,09:37:55,14.97,0.01,16,23956,中性盘
160,09:37:58,14.98,0.01,85,127330,买盘
161,09:38:01,14.99,0.01,49,73424,买盘
162,09:38:05,14.98,-0.01,196,293801,卖盘
163,09:38:07,15.0,0.02,493,739460,买盘
164,09:38:10,15.02,0.02,436,654621,买盘
165,09:38:13,15.01,-0.01,94,141179,中性盘
166,09:38:16,15.02,0.01,418,627530,买盘
167,09:38:18,15.03,0.01,239,359262,买盘
168,09:38:22,15.02,-0.01,142,213459,卖盘
169,09:38:25,15.03,0.01,143,214981,中性盘
170,09:38:28,15.04,0.01,495,744826,买盘
171,09:38:31,15.04,0.0,151,227084,卖盘
172,09:38:34,15.06,0.02,102,153434,买盘
173,09:38:37,15.03,-0.03,113,169929,卖盘
174,09:38:40,15.03,0.0,334,502448,卖盘
175,09:38:42,15.05,0.02,319,480137,买盘
176,09:38:46,15.06,0.01,252,379238,买盘
177,09:38:48,15.03,-0.03,551,828895,卖盘
178,09:38:52,15.05,0.02,122,183672,买盘
179,09:38:55,15.05,0.0,72,108329,买盘
180,09:38:58,15.03,-0.02,170,255781,卖盘
181,09:39:01,15.04,0.01,117,176036,买盘
182,09:39:05,15.04,0.0,81,121846,买盘
183,09:39:07,15.04,0.0,375,563647,买盘
184,09:39:10,15.04,0.0,135,203088,买盘
185,09:39:13,15.04,0.0,189,284375,卖盘
186,09:39:16,15.05,0.01,586,881965,买盘
187,09:39:19,15.06,0.01,137,206218,买盘
188,09:39:21,15.05,-0.01,192,289061,中性盘
189,09:39:25,15.06,0.01,51,76800,买盘
190,09:39:27,15.06,0.0,291,438477,卖盘
191,09:39:31,15.07,0.01,256,385630,买盘
192,09:39:34,15.06,-0.01,279,420219,卖盘
193,09:39:37,15.05,-0.01,254,382472,卖盘
194,09:39:39,15.05,0.0,312,469560,买盘
195,09:39:43,15.05,0.0,97,145975,买盘
196,09:39:46,15.05,0.0,109,164017,买盘
197,09:39:49,15.05,0.0,339,510175,买盘
198,09:39:52,15.04,-0.01,760,1144347,卖盘
199,09:39:55,15.07,0.03,114,171734,买盘
200,09:39:58,15.1,0.03,1577,2379343,买盘
201,09:40:01,15.1,0.0,98,147981,卖盘
202,09:40:05,15.1,0.0,641,968192,卖盘
203,09:40:07,15.11,0.01,177,267412,买盘
204,09:40:10,15.09,-0.02,88,132877,中性盘
205,09:40:13,15.1,0.01,338,510262,买盘
206,09:40:16,15.08,-0.02,384,579597,中性盘
207,09:40:19,15.07,-0.01,139,209663,卖盘
208,09:40:22,15.07,0.0,172,259221,卖盘
209,09:40:25,15.05,-0.02,170,256008,卖盘
210,09:40:28,15.06,0.01,678,1020455,买盘
211,09:40:31,15.04,-0.02,120,180475,中性盘
212,09:40:34,15.05,0.01,46,69185,买盘
213,09:40:37,15.05,0.0,248,372993,买盘
214,09:40:40,15.04,-0.01,73,109809,中性盘
215,09:40:43,15.05,0.01,220,331077,买盘
216,09:40:46,15.05,0.0,10,15050,卖盘
217,09:40:49,15.05,0.0,56,84310,卖盘
218,09:40:52,15.06,0.01,150,225697,买盘
219,09:40:55,15.06,0.0,59,88826,买盘
220,09:40:58,15.05,-0.01,21,32374,卖盘
221,09:41:01,15.06,0.01,21,31622,中性盘
222,09:41:04,15.05,-0.01,123,185304,卖盘
223,09:41:07,15.07,0.02,125,188311,中性盘
224,09:41:10,15.06,-0.01,84,126587,卖盘
225,09:41:13,15.07,0.01,133,200521,买盘
226,09:41:15,15.07,0.0,62,93443,卖盘
227,09:41:19,15.07,0.0,213,320938,卖盘
228,09:41:22,15.07,0.0,70,105460,买盘
229,09:41:25,15.07,0.0,59,88884,买盘
230,09:41:28,15.07,0.0,273,411228,买盘
231,09:41:31,15.08,0.01,234,352716,买盘
232,09:41:33,15.06,-0.02,35,52741,卖盘
233,09:41:37,15.07,0.01,66,99459,买盘
234,09:41:40,15.07,0.0,131,197406,买盘
235,09:41:43,15.07,0.0,143,215471,中性盘
236,09:41:46,15.07,0.0,202,304440,买盘
237,09:41:49,15.06,-0.01,92,138609,卖盘
238,09:41:52,15.07,0.01,40,60275,买盘
239,09:41:55,15.07,0.0,117,176319,卖盘
240,09:41:58,15.09,0.02,545,822045,买盘
241,09:42:01,15.08,-0.01,50,75406,卖盘
242,09:42:05,15.08,0.0,515,777004,卖盘
243,09:42:07,15.09,0.01,53,79987,中性盘
244,09:42:10,15.09,0.0,31,46801,卖盘
245,09:42:13,15.09,0.0,8,12077,卖盘
246,09:42:16,15.1,0.01,77,116231,买盘
247,09:42:19,15.1,0.0,53,80018,买盘
248,09:42:22,15.1,0.0,314,474004,买盘
249,09:42:25,15.1,0.0,557,840686,买盘
250,09:42:28,15.1,0.0,259,390906,买盘
251,09:42:31,15.09,-0.01,116,175058,卖盘
252,09:42:34,15.09,0.0,110,165904,买盘
253,09:42:37,15.09,0.0,111,167469,买盘
254,09:42:40,15.09,0.0,186,280574,买盘
255,09:42:43,15.08,-0.01,210,316743,卖盘
256,09:42:46,15.08,0.0,74,111612,买盘
257,09:42:49,15.07,-0.01,232,349719,卖盘
258,09:42:52,15.08,0.01,49,73808,买盘
259,09:42:55,15.06,-0.02,53,79821,卖盘
260,09:42:58,15.07,0.01,128,192854,买盘
261,09:43:01,15.06,-0.01,41,61746,卖盘
262,09:43:04,15.05,-0.01,76,114481,卖盘
263,09:43:07,15.07,0.02,105,158123,买盘
264,09:43:09,15.05,-0.02,84,126439,卖盘
265,09:43:13,15.06,0.01,227,341892,买盘
266,09:43:16,15.05,-0.01,72,107622,卖盘
267,09:43:19,15.06,0.01,25,37632,买盘
268,09:43:22,15.06,0.0,34,51928,买盘
269,09:43:25,15.04,-0.02,75,112854,卖盘
270,09:43:28,15.05,0.01,84,126449,卖盘
271,09:43:31,15.06,0.01,10,15060,中性盘
272,09:43:33,15.06,0.0,58,87353,卖盘
273,09:43:37,15.06,0.0,170,256078,卖盘
274,09:43:40,15.06,0.0,17,25602,买盘
275,09:43:43,15.06,0.0,15,22589,买盘
276,09:43:46,15.05,-0.01,182,273929,卖盘
277,09:43:49,15.05,0.0,72,108360,卖盘
278,09:43:52,15.06,0.01,308,463757,买盘
279,09:43:55,15.05,-0.01,46,69230,买盘
280,09:43:58,15.04,-0.01,372,559625,卖盘
281,09:44:01,15.05,0.01,207,311626,买盘
282,09:44:04,15.05,0.0,47,70725,买盘
283,09:44:07,15.04,-0.01,198,297876,卖盘
284,09:44:10,15.04,0.0,59,88785,卖盘
285,09:44:13,15.05,0.01,211,317702,买盘
286,09:44:16,15.06,0.01,44,66226,买盘
287,09:44:19,15.05,-0.01,172,258864,卖盘
288,09:44:22,15.06,0.01,201,302778,买盘
289,09:44:24,15.05,-0.01,225,338625,卖盘
290,09:44:28,15.06,0.01,391,588556,买盘
291,09:44:31,15.05,-0.01,508,764575,卖盘
292,09:44:34,15.04,-0.01,85,127132,买盘
293,09:44:36,15.05,0.01,7,10535,买盘
294,09:44:39,15.05,0.0,85,127925,买盘
295,09:44:46,15.05,0.0,77,115870,买盘
296,09:44:49,15.05,0.0,113,169997,买盘
297,09:44:52,15.03,-0.02,55,82712,卖盘
298,09:44:55,15.04,0.01,27,40608,买盘
299,09:44:58,15.03,-0.01,51,76653,卖盘
300,09:45:01,15.04,0.01,89,133851,买盘
301,09:45:05,15.04,0.0,58,87232,买盘
302,09:45:07,15.03,-0.01,52,78168,卖盘
303,09:45:10,15.05,0.02,30,45150,买盘
304,09:45:13,15.04,-0.01,31,46640,卖盘
305,09:45:16,15.04,0.0,32,48143,卖盘
306,09:45:19,15.04,0.0,58,87232,卖盘
307,09:45:22,15.05,0.01,38,57169,买盘
308,09:45:25,15.05,0.0,123,185034,买盘
309,09:45:28,15.04,-0.01,43,64672,卖盘
310,09:45:31,15.04,0.0,13,19544,买盘
311,09:45:34,15.05,0.01,198,297622,买盘
312,09:45:37,15.03,-0.02,128,192547,卖盘
313,09:45:40,15.05,0.02,20,30086,买盘
314,09:45:43,15.03,-0.02,78,117256,卖盘
315,09:45:46,15.04,0.01,34,51143,卖盘
316,09:45:48,15.03,-0.01,93,139865,卖盘
317,09:45:52,15.04,0.01,79,118839,中性盘
318,09:45:55,15.04,0.0,136,204544,卖盘
319,09:45:58,15.04,0.0,10,15040,买盘
320,09:46:01,15.03,-0.01,55,82675,卖盘
321,09:46:04,15.04,0.01,96,144323,买盘
322,09:46:07,15.04,0.0,151,227204,卖盘
323,09:46:10,15.03,-0.01,36,54134,卖盘
324,09:46:13,15.05,0.02,101,151919,买盘
325,09:46:16,15.05,0.0,85,127925,卖盘
326,09:46:19,15.05,0.0,13,19565,卖盘
327,09:46:22,15.05,0.0,17,25585,卖盘
328,09:46:25,15.05,0.0,25,37625,卖盘
329,09:46:28,15.05,0.0,7,10535,卖盘
330,09:46:31,15.05,0.0,19,28595,卖盘
331,09:46:34,15.05,0.0,20,30100,卖盘
332,09:46:37,15.05,0.0,4,6020,卖盘
333,09:46:40,15.08,0.03,611,920870,买盘
334,09:46:43,15.05,-0.03,62,93360,卖盘
335,09:46:46,15.08,0.03,109,164172,买盘
336,09:46:49,15.08,0.0,9,13572,买盘
337,09:46:52,15.05,-0.03,180,271033,卖盘
338,09:46:55,15.07,0.02,227,342183,中性盘
339,09:46:58,15.08,0.01,50,75400,买盘
340,09:47:01,15.08,0.0,65,98009,买盘
341,09:47:05,15.08,0.0,70,105560,买盘
342,09:47:07,15.08,0.0,81,122128,买盘
343,09:47:10,15.08,0.0,119,179452,卖盘
344,09:47:13,15.08,0.0,31,46759,卖盘
345,09:47:16,15.07,-0.01,79,119121,卖盘
346,09:47:19,15.08,0.01,16,24128,买盘
347,09:47:22,15.08,0.0,28,42202,买盘
348,09:47:25,15.07,-0.01,53,79874,卖盘
349,09:47:27,15.07,0.0,183,275789,卖盘
350,09:47:31,15.06,-0.01,7,10542,卖盘
351,09:47:34,15.07,0.01,141,212480,买盘
352,09:47:37,15.06,-0.01,262,394572,卖盘
353,09:47:40,15.06,0.0,62,93370,买盘
354,09:47:43,15.06,0.0,35,52707,买盘
355,09:47:46,15.06,0.0,438,659608,买盘
356,09:47:49,15.05,-0.01,56,84280,卖盘
357,09:47:52,15.06,0.01,45,67760,买盘
358,09:47:55,15.07,0.01,147,221443,买盘
359,09:47:58,15.06,-0.01,50,75286,卖盘
360,09:48:01,15.05,-0.01,21,31606,卖盘
361,09:48:05,15.06,0.01,36,54216,买盘
362,09:48:07,15.06,0.0,190,285998,买盘
363,09:48:10,15.06,0.0,106,159583,买盘
364,09:48:13,15.06,0.0,40,60240,买盘
365,09:48:16,15.06,0.0,65,97863,卖盘
366,09:48:19,15.06,0.0,47,70758,买盘
367,09:48:22,15.06,0.0,44,66245,买盘
368,09:48:25,15.05,-0.01,65,97825,卖盘
369,09:48:28,15.05,0.0,17,25585,卖盘
370,09:48:34,15.05,0.0,3,4515,买盘
371,09:48:37,15.05,0.0,1,1505,买盘
372,09:48:40,15.05,0.0,36,54164,买盘
373,09:48:43,15.04,-0.01,307,461979,卖盘
374,09:48:49,15.06,0.02,65,97885,买盘
375,09:48:52,15.05,-0.01,59,88795,卖盘
376,09:48:55,15.05,0.0,41,61705,卖盘
377,09:48:57,15.05,0.0,2,3010,买盘
378,09:49:01,15.04,-0.01,44,66196,卖盘
379,09:49:05,15.05,0.01,53,79765,买盘
380,09:49:07,15.05,0.0,181,272392,买盘
381,09:49:10,15.06,0.01,306,460521,买盘
382,09:49:13,15.05,-0.01,33,49695,卖盘
383,09:49:16,15.06,0.01,98,147479,买盘
384,09:49:19,15.04,-0.02,25,37621,卖盘
385,09:49:22,15.04,0.0,5,7520,卖盘
386,09:49:25,15.05,0.01,44,66196,买盘
387,09:49:28,15.05,0.0,22,33091,买盘
388,09:49:31,15.05,0.0,27,40623,买盘
389,09:49:34,15.04,-0.01,10,15040,卖盘
390,09:49:37,15.04,0.0,392,589660,卖盘
391,09:49:40,15.05,0.01,229,344616,买盘
392,09:49:43,15.04,-0.01,26,39104,卖盘
393,09:49:46,15.04,0.0,16,24064,卖盘
394,09:49:49,15.04,0.0,54,81216,卖盘
395,09:49:51,15.05,0.01,58,87287,买盘
396,09:49:55,15.05,0.0,31,47443,买盘
397,09:49:58,15.05,0.0,5,7525,卖盘
398,09:50:01,15.05,0.0,11,16555,卖盘
399,09:50:05,15.05,0.0,213,320752,卖盘
400,09:50:07,15.05,0.0,60,90312,卖盘
401,09:50:10,15.06,0.01,62,93011,买盘
402,09:50:13,15.05,-0.01,20,30437,买盘
403,09:50:16,15.05,0.0,47,70443,卖盘
404,09:50:19,15.06,0.01,507,764273,买盘
405,09:50:22,15.06,0.0,168,252968,卖盘
406,09:50:25,15.07,0.01,34,51205,买盘
407,09:50:28,15.06,-0.01,6,9036,中性盘
408,09:50:31,15.07,0.01,13,19591,买盘
409,09:50:33,15.07,0.0,64,96448,买盘
410,09:50:37,15.07,0.0,18,27126,卖盘
411,09:50:40,15.07,0.0,22,33174,卖盘
412,09:50:43,15.07,0.0,59,88936,卖盘
413,09:50:46,15.07,0.0,38,57280,卖盘
414,09:50:49,15.07,0.0,149,224659,买盘
415,09:50:52,15.07,0.0,103,155160,卖盘
416,09:50:55,15.07,0.0,192,289467,卖盘
417,09:50:58,15.07,0.0,20,30150,卖盘
418,09:51:01,15.08,0.01,197,297055,买盘
419,09:51:05,15.09,0.01,334,503866,买盘
420,09:51:07,15.1,0.01,1177,1776553,买盘
421,09:51:09,15.1,0.0,1235,1865467,买盘
422,09:51:13,15.11,0.01,359,542442,买盘
423,09:51:16,15.11,0.0,46,69438,卖盘
424,09:51:18,15.11,0.0,65,98281,买盘
425,09:51:22,15.11,0.0,253,382502,卖盘
426,09:51:25,15.11,0.0,113,170835,卖盘
427,09:51:27,15.12,0.01,909,1374373,买盘
428,09:51:31,15.12,0.0,12,18144,卖盘
429,09:51:34,15.13,0.01,2045,3097216,买盘
430,09:51:37,15.13,0.0,101,152810,卖盘
431,09:51:40,15.13,0.0,76,114936,买盘
432,09:51:43,15.13,0.0,199,301223,买盘
433,09:51:46,15.15,0.02,139,210535,买盘
434,09:51:49,15.15,0.0,35,53005,买盘
435,09:51:52,15.15,0.0,270,408696,买盘
436,09:51:55,15.15,0.0,156,236359,买盘
437,09:51:58,15.15,0.0,129,195475,买盘
438,09:52:01,15.16,0.01,102,154542,买盘
439,09:52:04,15.15,-0.01,281,425729,卖盘
440,09:52:07,15.16,0.01,122,184898,买盘
441,09:52:10,15.17,0.01,293,444183,买盘
442,09:52:13,15.16,-0.01,184,278944,卖盘
443,09:52:16,15.17,0.01,67,101587,买盘
444,09:52:19,15.16,-0.01,297,450425,卖盘
445,09:52:22,15.16,0.0,353,535307,卖盘
446,09:52:25,15.15,-0.01,446,676104,卖盘
447,09:52:28,15.15,0.0,193,292408,卖盘
448,09:52:31,15.14,-0.01,103,156029,卖盘
449,09:52:33,15.15,0.01,105,159075,买盘
450,09:52:37,15.14,-0.01,326,493841,卖盘
451,09:52:40,15.15,0.01,834,1263569,买盘
452,09:52:43,15.14,-0.01,44,66650,中性盘
453,09:52:46,15.13,-0.01,98,148321,卖盘
454,09:52:49,15.14,0.01,129,195306,买盘
455,09:52:51,15.14,0.0,51,77203,买盘
456,09:52:55,15.13,-0.01,152,230084,卖盘
457,09:52:58,15.13,0.0,16,24213,卖盘
458,09:53:01,15.14,0.01,121,183080,买盘
459,09:53:05,15.13,-0.01,243,367874,卖盘
460,09:53:07,15.13,0.0,121,182991,卖盘
461,09:53:10,15.14,0.01,143,216463,买盘
462,09:53:13,15.14,0.0,127,192265,买盘
463,09:53:16,15.14,0.0,58,87822,卖盘
464,09:53:19,15.14,0.0,209,316546,卖盘
465,09:53:22,15.14,0.0,163,246804,买盘
466,09:53:25,15.14,0.0,46,69644,买盘
467,09:53:27,15.14,0.0,14,21186,买盘
468,09:53:31,15.14,0.0,39,59043,买盘
469,09:53:34,15.13,-0.01,162,245263,卖盘
470,09:53:37,15.13,0.0,33,49945,卖盘
471,09:53:40,15.14,0.01,318,481452,买盘
472,09:53:43,15.14,0.0,234,354276,卖盘
473,09:53:46,15.14,0.0,85,128690,卖盘
474,09:53:49,15.15,0.01,65,98424,买盘
475,09:53:52,15.14,-0.01,317,479937,卖盘
476,09:53:55,15.14,0.0,359,543633,买盘
477,09:53:58,15.14,0.0,85,128675,买盘
478,09:54:01,15.14,0.0,127,192197,买盘
479,09:54:04,15.14,0.0,39,59047,买盘
480,09:54:07,15.14,0.0,72,109005,卖盘
481,09:54:10,15.14,0.0,229,346696,买盘
482,09:54:13,15.14,0.0,25,37850,买盘
483,09:54:16,15.14,0.0,507,767278,买盘
484,09:54:19,15.13,-0.01,16,24219,卖盘
485,09:54:22,15.13,0.0,13,19669,买盘
486,09:54:25,15.13,0.0,2,3026,买盘
487,09:54:28,15.12,-0.01,6,9072,卖盘
488,09:54:34,15.13,0.01,82,124022,买盘
489,09:54:37,15.12,-0.01,42,63524,卖盘
490,09:54:40,15.12,0.0,104,157248,卖盘
491,09:54:43,15.12,0.0,101,152712,卖盘
492,09:54:46,15.12,0.0,73,110381,卖盘
493,09:54:49,15.12,0.0,10,15120,买盘
494,09:54:52,15.12,0.0,200,302350,买盘
495,09:54:55,15.11,-0.01,119,179760,卖盘
496,09:54:58,15.12,0.01,167,252320,买盘
497,09:55:01,15.12,0.0,43,64986,买盘
498,09:55:05,15.11,-0.01,38,57445,中性盘
499,09:55:07,15.11,0.0,61,92149,买盘
500,09:55:10,15.11,0.0,120,181275,卖盘
501,09:55:13,15.11,0.0,420,634621,卖盘
502,09:55:16,15.11,0.0,26,39286,卖盘
503,09:55:19,15.1,-0.01,20,30200,卖盘
504,09:55:22,15.1,0.0,72,108736,卖盘
505,09:55:25,15.1,0.0,303,457650,卖盘
506,09:55:28,15.1,0.0,57,86070,买盘
507,09:55:31,15.09,-0.01,61,92049,卖盘
508,09:55:34,15.09,0.0,107,161530,卖盘
509,09:55:37,15.09,0.0,127,191669,卖盘
510,09:55:40,15.09,0.0,188,283697,卖盘
511,09:55:43,15.1,0.01,148,223519,买盘
512,09:55:46,15.1,0.0,99,149581,卖盘
513,09:55:49,15.11,0.01,15,22660,中性盘
514,09:55:52,15.11,0.0,3,4533,卖盘
515,09:55:55,15.12,0.01,43,64945,买盘
516,09:55:58,15.11,-0.01,78,117858,卖盘
517,09:56:01,15.12,0.01,15,22672,买盘
518,09:56:05,15.12,0.0,6,9072,买盘
519,09:56:07,15.12,0.0,151,228312,买盘
520,09:56:10,15.12,0.0,479,724439,买盘
521,09:56:13,15.13,0.01,412,623333,买盘
522,09:56:16,15.12,-0.01,327,494733,卖盘
523,09:56:19,15.13,0.01,583,882386,买盘
524,09:56:22,15.13,0.0,128,193778,卖盘
525,09:56:25,15.13,0.0,85,128681,卖盘
526,09:56:27,15.13,0.0,295,446337,卖盘
527,09:56:31,15.14,0.01,5,7570,买盘
528,09:56:34,15.14,0.0,42,63566,买盘
529,09:56:37,15.14,0.0,69,104449,买盘
530,09:56:40,15.13,-0.01,124,187713,卖盘
531,09:56:43,15.13,0.0,109,164917,买盘
532,09:56:46,15.14,0.01,29,43898,买盘
533,09:56:48,15.13,-0.01,2,3026,卖盘
534,09:56:55,15.13,0.0,167,252626,卖盘
535,09:56:58,15.14,0.01,11,16648,买盘
536,09:57:01,15.14,0.0,47,71121,买盘
537,09:57:05,15.13,-0.01,43,65059,卖盘
538,09:57:07,15.13,0.0,129,195177,买盘
539,09:57:10,15.13,0.0,20,30250,买盘
540,09:57:13,15.13,0.0,100,151275,买盘
541,09:57:16,15.12,-0.01,186,281422,卖盘
542,09:57:19,15.13,0.01,51,77163,买盘
543,09:57:22,15.13,0.0,91,137688,卖盘
544,09:57:25,15.13,0.0,7,10591,卖盘
545,09:57:27,15.13,0.0,67,101400,卖盘
546,09:57:31,15.13,0.0,89,134662,卖盘
547,09:57:34,15.14,0.01,49,74162,买盘
548,09:57:37,15.13,-0.01,26,39338,卖盘
549,09:57:40,15.14,0.01,234,354181,买盘
550,09:57:43,15.14,0.0,27,40878,买盘
551,09:57:46,15.14,0.0,69,104408,买盘
552,09:57:49,15.14,0.0,136,205903,买盘
553,09:57:52,15.14,0.0,25,37848,买盘
554,09:57:55,15.14,0.0,181,274034,买盘
555,09:57:57,15.13,-0.01,33,49929,卖盘
556,09:58:01,15.13,0.0,102,154426,卖盘
557,09:58:05,15.14,0.01,209,316420,买盘
558,09:58:07,15.14,0.0,41,62083,卖盘
559,09:58:10,15.14,0.0,82,124104,卖盘
560,09:58:13,15.14,0.0,78,118092,卖盘
561,09:58:16,15.13,-0.01,3,4539,卖盘
562,09:58:19,15.14,0.01,46,69628,买盘
563,09:58:22,15.14,0.0,243,367898,买盘
564,09:58:25,15.14,0.0,63,95354,买盘
565,09:58:28,15.13,-0.01,79,119551,卖盘
566,09:58:31,15.14,0.01,63,95388,买盘
567,09:58:34,15.14,0.0,14,21196,卖盘
568,09:58:37,15.13,-0.01,22,33292,卖盘
569,09:58:40,15.14,0.01,63,95382,买盘
570,09:58:43,15.14,0.0,44,66616,卖盘
571,09:58:46,15.14,0.0,100,151400,买盘
572,09:58:49,15.14,0.0,196,296834,卖盘
573,09:58:52,15.15,0.01,96,145430,买盘
574,09:58:55,15.14,-0.01,367,555739,卖盘
575,09:58:58,15.14,0.0,33,49961,买盘
576,09:59:01,15.14,0.0,165,249810,买盘
577,09:59:05,15.14,0.0,107,162050,买盘
578,09:59:07,15.14,0.0,62,93861,买盘
579,09:59:10,15.14,0.0,149,225475,买盘
580,09:59:13,15.14,0.0,93,140802,买盘
581,09:59:16,15.14,0.0,16,24224,卖盘
582,09:59:19,15.13,-0.01,259,392106,卖盘
583,09:59:22,15.13,0.0,14,21192,卖盘
584,09:59:25,15.14,0.01,568,859702,买盘
585,09:59:28,15.14,0.0,170,257230,买盘
586,09:59:31,15.14,0.0,390,590400,买盘
587,09:59:34,15.14,0.0,56,84776,买盘
588,09:59:37,15.14,0.0,21,31870,买盘
589,09:59:40,15.13,-0.01,87,131649,卖盘
590,09:59:43,15.13,0.0,30,45415,卖盘
591,09:59:46,15.14,0.01,246,372444,买盘
592,09:59:51,15.13,-0.01,41,62088,卖盘
593,09:59:55,15.14,0.01,190,287510,买盘
594,09:59:58,15.13,-0.01,72,108952,卖盘
595,10:00:01,15.13,0.0,72,108956,卖盘
596,10:00:05,15.13,0.0,20,30184,卖盘
597,10:00:07,15.13,0.0,11,16643,买盘
598,10:00:09,15.13,0.0,318,481134,买盘
599,10:00:13,15.13,0.0,13,18988,买盘
600,10:00:15,15.13,0.0,118,179150,卖盘
601,10:00:18,15.13,0.0,45,67400,买盘
602,10:00:22,15.13,0.0,45,68085,买盘
603,10:00:25,15.13,0.0,37,55981,卖盘
604,10:00:28,15.12,-0.01,24,36302,卖盘
605,10:00:31,15.12,0.0,218,329725,卖盘
606,10:00:34,15.13,0.01,135,204255,买盘
607,10:00:37,15.13,0.0,10,15130,卖盘
608,10:00:40,15.13,0.0,30,45375,买盘
609,10:00:43,15.13,0.0,49,74118,买盘
610,10:00:46,15.13,0.0,334,505688,买盘
611,10:00:49,15.13,0.0,121,183067,买盘
612,10:00:51,15.12,-0.01,2,3024,中性盘
613,10:00:55,15.13,0.01,233,352306,买盘
614,10:00:58,15.12,-0.01,45,68040,买盘
615,10:01:01,15.13,0.01,48,72603,买盘
616,10:01:05,15.11,-0.02,79,119402,卖盘
617,10:01:07,15.12,0.01,46,69552,中性盘
618,10:01:10,15.11,-0.01,123,185942,卖盘
619,10:01:12,15.12,0.01,3,4537,中性盘
620,10:01:15,15.11,-0.01,21,31751,卖盘
621,10:01:19,15.12,0.01,54,81626,买盘
622,10:01:22,15.11,-0.01,72,108792,卖盘
623,10:01:25,15.11,0.0,58,87639,卖盘
624,10:01:28,15.11,0.0,64,96715,卖盘
625,10:01:31,15.11,0.0,32,48352,卖盘
626,10:01:40,15.1,-0.01,28,42280,卖盘
627,10:01:43,15.1,0.0,2,3020,卖盘
628,10:01:45,15.1,0.0,16,24160,卖盘
629,10:01:49,15.1,0.0,160,241656,卖盘
630,10:01:52,15.11,0.01,74,111744,买盘
631,10:01:54,15.1,-0.01,94,141970,卖盘
632,10:01:58,15.1,0.0,17,25670,卖盘
633,10:02:01,15.1,0.0,194,293488,卖盘
634,10:02:05,15.12,0.02,914,1381746,买盘
635,10:02:07,15.12,0.0,35,52920,卖盘
636,10:02:09,15.12,0.0,8,12096,卖盘
637,10:02:13,15.1,-0.02,55,83146,卖盘
638,10:02:16,15.12,0.02,10,15116,买盘
639,10:02:22,15.1,-0.02,86,129951,卖盘
640,10:02:25,15.12,0.02,87,131425,买盘
641,10:02:28,15.11,-0.01,13,19655,中性盘
642,10:02:30,15.11,0.0,2,3023,卖盘
643,10:02:34,15.11,0.0,6,9065,买盘
644,10:02:37,15.11,0.0,42,63462,买盘
645,10:02:40,15.11,0.0,9,13592,买盘
646,10:02:43,15.11,0.0,336,507686,买盘
647,10:02:46,15.1,-0.01,182,274909,卖盘
648,10:02:49,15.11,0.01,52,77816,买盘
649,10:02:55,15.11,0.0,29,44582,卖盘
650,10:02:58,15.12,0.01,469,708354,买盘
651,10:03:01,15.11,-0.01,45,67995,卖盘
652,10:03:04,15.11,0.0,27,40812,卖盘
653,10:03:07,15.11,0.0,48,72569,卖盘
654,10:03:09,15.11,0.0,20,30230,卖盘
655,10:03:13,15.11,0.0,90,136149,卖盘
656,10:03:16,15.11,0.0,73,110307,卖盘
657,10:03:19,15.1,-0.01,260,392854,卖盘
658,10:03:22,15.12,0.02,10,15123,卖盘
659,10:03:24,15.12,0.0,129,195014,买盘
660,10:03:27,15.12,0.0,41,61987,中性盘
661,10:03:31,15.13,0.01,1,1513,买盘
662,10:03:34,15.12,-0.01,24,36288,卖盘
663,10:03:37,15.12,0.0,51,77112,卖盘
664,10:03:40,15.13,0.01,74,111943,买盘
665,10:03:43,15.13,0.0,13,19669,买盘
666,10:03:46,15.12,-0.01,44,66657,卖盘
667,10:03:49,15.13,0.01,91,137613,买盘
668,10:03:51,15.13,0.0,313,473569,买盘
669,10:03:54,15.13,0.0,103,155839,卖盘
670,10:03:57,15.13,0.0,69,104412,卖盘
671,10:04:01,15.13,0.0,60,90804,卖盘
672,10:04:04,15.13,0.0,18,27234,卖盘
673,10:04:07,15.13,0.0,31,46906,卖盘
674,10:04:10,15.13,0.0,28,42364,卖盘
675,10:04:12,15.13,0.0,67,101371,卖盘
676,10:04:16,15.13,0.0,30,45397,卖盘
677,10:04:19,15.14,0.01,117,177022,买盘
678,10:04:22,15.13,-0.01,92,139205,卖盘
679,10:04:25,15.14,0.01,117,177033,买盘
680,10:04:28,15.14,0.0,80,121095,买盘
681,10:04:31,15.13,-0.01,108,163446,卖盘
682,10:04:34,15.14,0.01,71,107487,买盘
683,10:04:37,15.14,0.0,215,325410,买盘
684,10:04:40,15.14,0.0,29,43898,买盘
685,10:04:43,15.13,-0.01,301,455467,卖盘
686,10:04:46,15.13,0.0,94,142222,卖盘
687,10:04:49,15.13,0.0,125,189056,买盘
688,10:04:51,15.13,0.0,37,55981,买盘
689,10:04:55,15.13,0.0,169,255594,买盘
690,10:04:58,15.13,0.0,244,369171,买盘
691,10:05:01,15.13,0.0,313,473533,买盘
692,10:05:05,15.12,-0.01,70,105882,卖盘
693,10:05:06,15.13,0.01,2,3026,卖盘
694,10:05:09,15.13,0.0,74,112023,卖盘
695,10:05:13,15.14,0.01,16,24220,买盘
696,10:05:16,15.14,0.0,58,87797,买盘
697,10:05:19,15.13,-0.01,8,12104,卖盘
698,10:05:21,15.13,0.0,6,9078,卖盘
699,10:05:25,15.14,0.01,246,372444,买盘
700,10:05:28,15.13,-0.01,88,133145,卖盘
701,10:05:30,15.13,0.0,85,128617,卖盘
702,10:05:34,15.14,0.01,101,152909,买盘
703,10:05:37,15.13,-0.01,104,157352,卖盘
704,10:05:40,15.13,0.0,101,152813,卖盘
705,10:05:43,15.13,0.0,59,89275,买盘
706,10:05:46,15.12,-0.01,38,57484,卖盘
707,10:05:48,15.13,0.01,25,37825,买盘
708,10:05:52,15.12,-0.01,69,104392,卖盘
709,10:05:55,15.12,0.0,70,105874,卖盘
710,10:05:58,15.13,0.01,3,4539,买盘
711,10:06:01,15.12,-0.01,25,37800,卖盘
712,10:06:05,15.13,0.01,296,447848,买盘
713,10:06:07,15.13,0.0,412,623438,卖盘
714,10:06:10,15.13,0.0,1,756,卖盘
715,10:06:13,15.13,0.0,34,51442,卖盘
716,10:06:16,15.13,0.0,100,151373,卖盘
717,10:06:19,15.13,0.0,120,181628,卖盘
718,10:06:22,15.14,0.01,29,43900,买盘
719,10:06:24,15.13,-0.01,26,39338,卖盘
720,10:06:27,15.13,0.0,13,19670,卖盘
721,10:06:30,15.14,0.01,249,376953,买盘
722,10:06:34,15.13,-0.01,37,55982,卖盘
723,10:06:37,15.13,0.0,134,202765,卖盘
724,10:06:40,15.13,0.0,368,557556,卖盘
725,10:06:43,15.14,0.01,105,158112,买盘
726,10:06:45,15.13,-0.01,28,42364,卖盘
727,10:06:48,15.13,0.0,64,96882,卖盘
728,10:06:52,15.14,0.01,40,60560,买盘
729,10:06:55,15.14,0.0,1046,1583627,买盘
730,10:06:58,15.14,0.0,37,56018,卖盘
731,10:07:01,15.13,-0.01,78,118062,卖盘
732,10:07:05,15.14,0.01,22,33296,买盘
733,10:07:07,15.15,0.01,456,690839,买盘
734,10:07:10,15.14,-0.01,1794,2718021,卖盘
735,10:07:13,15.17,0.03,1007,1526630,买盘
736,10:07:16,15.15,-0.02,955,1448669,卖盘
737,10:07:19,15.19,0.04,2598,3944914,买盘
738,10:07:22,15.17,-0.02,140,213829,卖盘
739,10:07:25,15.2,0.03,145,220385,买盘
740,10:07:28,15.2,0.0,154,234073,买盘
741,10:07:31,15.2,0.0,120,182395,买盘
742,10:07:34,15.19,-0.01,173,262887,卖盘
743,10:07:37,15.22,0.03,3069,4665415,买盘
744,10:07:39,15.2,-0.02,1620,2463358,卖盘
745,10:07:43,15.22,0.02,183,278543,中性盘
746,10:07:46,15.23,0.01,301,458354,买盘
747,10:07:49,15.22,-0.01,252,383681,卖盘
748,10:07:51,15.23,0.01,1368,2081152,买盘
749,10:07:54,15.23,0.0,708,1077611,买盘
750,10:07:58,15.22,-0.01,365,555582,中性盘
751,10:08:01,15.23,0.01,404,615217,买盘
752,10:08:05,15.21,-0.02,263,400473,卖盘
753,10:08:07,15.22,0.01,215,327261,买盘
754,10:08:10,15.2,-0.02,1007,1531354,卖盘
755,10:08:13,15.2,0.0,384,583612,买盘
756,10:08:16,15.2,0.0,319,484831,买盘
757,10:08:18,15.2,0.0,358,544078,买盘
758,10:08:22,15.2,0.0,209,317528,买盘
759,10:08:24,15.2,0.0,37,56213,买盘
760,10:08:27,15.19,-0.01,50,75973,卖盘
761,10:08:31,15.19,0.0,69,104809,卖盘
762,10:08:34,15.19,0.0,90,136765,买盘
763,10:08:36,15.18,-0.01,11,16699,卖盘
764,10:08:40,15.19,0.01,118,179234,买盘
765,10:08:43,15.19,0.0,85,129104,买盘
766,10:08:46,15.2,0.01,165,250631,买盘
767,10:08:49,15.18,-0.02,84,127575,卖盘
768,10:08:51,15.19,0.01,38,57709,中性盘
769,10:08:55,15.18,-0.01,41,62248,卖盘
770,10:08:58,15.19,0.01,32,48605,买盘
771,10:09:01,15.19,0.0,28,42514,买盘
772,10:09:04,15.19,0.0,44,66825,买盘
773,10:09:07,15.19,0.0,146,221732,买盘
774,10:09:10,15.19,0.0,55,83515,买盘
775,10:09:13,15.19,0.0,122,185318,买盘
776,10:09:16,15.18,-0.01,152,230831,卖盘
777,10:09:18,15.19,0.01,73,110850,买盘
778,10:09:22,15.19,0.0,20,30380,买盘
779,10:09:24,15.19,0.0,186,282544,买盘
780,10:09:27,15.19,0.0,106,160235,买盘
781,10:09:31,15.19,0.0,170,258185,买盘
782,10:09:34,15.19,0.0,254,385826,买盘
783,10:09:37,15.19,0.0,7,10634,卖盘
784,10:09:40,15.19,0.0,181,275063,卖盘
785,10:09:43,15.19,0.0,43,65317,卖盘
786,10:09:46,15.2,0.01,365,554455,买盘
787,10:09:49,15.19,-0.01,49,74445,卖盘
788,10:09:52,15.19,0.0,111,168613,卖盘
789,10:09:55,15.19,0.0,1047,1591397,卖盘
790,10:09:58,15.2,0.01,201,305517,买盘
791,10:10:01,15.2,0.0,31,47120,卖盘
792,10:10:05,15.2,0.0,417,634388,卖盘
793,10:10:06,15.21,0.01,59,89700,买盘
794,10:10:10,15.21,0.0,34,51714,卖盘
795,10:10:12,15.21,0.0,101,153632,卖盘
796,10:10:16,15.21,0.0,14,21289,买盘
797,10:10:19,15.21,0.0,59,89699,买盘
798,10:10:22,15.2,-0.01,246,373922,卖盘
799,10:10:25,15.2,0.0,824,1251572,买盘
800,10:10:27,15.19,-0.01,504,766261,买盘
801,10:10:31,15.2,0.01,175,265937,买盘
802,10:10:34,15.2,0.0,390,592800,卖盘
803,10:10:37,15.18,-0.02,281,427050,卖盘
804,10:10:39,15.18,0.0,155,235466,卖盘
805,10:10:42,15.19,0.01,26,39497,中性盘
806,10:10:46,15.19,0.0,21,31898,买盘
807,10:10:49,15.18,-0.01,195,296010,卖盘
808,10:10:58,15.18,0.0,47,71321,买盘
809,10:11:01,15.17,-0.01,199,302162,卖盘
810,10:11:04,15.18,0.01,190,288266,中性盘
811,10:11:07,15.17,-0.01,5,7585,中性盘
812,10:11:10,15.17,0.0,202,306384,买盘
813,10:11:12,15.17,0.0,95,144115,买盘
814,10:11:16,15.17,0.0,117,177483,买盘
815,10:11:18,15.16,-0.01,76,115216,卖盘
816,10:11:21,15.17,0.01,41,62161,买盘
817,10:11:25,15.16,-0.01,22,33356,卖盘
818,10:11:28,15.16,0.0,271,410785,卖盘
819,10:11:37,15.15,-0.01,14,21212,卖盘
820,10:11:40,15.15,0.0,321,486330,卖盘
821,10:11:42,15.15,0.0,49,74235,买盘
822,10:11:46,15.15,0.0,175,265094,买盘
823,10:11:49,15.14,-0.01,310,469362,卖盘
824,10:11:52,15.15,0.01,54,81768,买盘
825,10:11:55,15.15,0.0,109,165130,买盘
826,10:11:58,15.14,-0.01,31,46934,中性盘
827,10:12:00,15.15,0.01,25,37870,买盘
828,10:12:05,15.14,-0.01,13,19683,卖盘
829,10:12:06,15.14,0.0,40,60560,卖盘
830,10:12:09,15.14,0.0,64,96896,卖盘
831,10:12:13,15.15,0.01,545,825588,买盘
832,10:12:16,15.15,0.0,14,21210,卖盘
833,10:12:18,15.15,0.0,20,30300,卖盘
834,10:12:22,15.15,0.0,4,6060,卖盘
835,10:12:24,15.15,0.0,65,98516,卖盘
836,10:12:28,15.15,0.0,117,177355,卖盘
837,10:12:31,15.16,0.01,142,215262,买盘
838,10:12:34,15.16,0.0,23,34868,中性盘
839,10:12:36,15.16,0.0,5,7580,卖盘
840,10:12:40,15.16,0.0,3,4548,卖盘
841,10:12:43,15.17,0.01,120,182030,买盘
842,10:12:45,15.17,0.0,627,950057,买盘
843,10:12:48,15.16,-0.01,195,295620,中性盘
844,10:12:51,15.17,0.01,235,356557,买盘
845,10:12:55,15.17,0.0,62,94099,卖盘
846,10:12:57,15.17,0.0,33,50061,卖盘
847,10:13:01,15.17,0.0,99,150193,卖盘
848,10:13:05,15.15,-0.02,33,50046,卖盘
849,10:13:07,15.17,0.02,46,69790,卖盘
850,10:13:10,15.17,0.0,8,12137,卖盘
851,10:13:12,15.17,0.0,117,177570,卖盘
852,10:13:16,15.18,0.01,4,6070,买盘
853,10:13:18,15.16,-0.02,5,7580,卖盘
854,10:13:25,15.17,0.01,38,57644,买盘
855,10:13:28,15.17,0.0,13,19722,卖盘
856,10:13:31,15.17,0.0,14,21238,卖盘
857,10:13:34,15.17,0.0,99,150184,卖盘
858,10:13:37,15.16,-0.01,468,709882,卖盘
859,10:13:39,15.17,0.01,17,25789,买盘
860,10:13:43,15.16,-0.01,27,40954,卖盘
861,10:13:45,15.17,0.01,19,28807,买盘
862,10:13:49,15.16,-0.01,26,39417,卖盘
863,10:13:52,15.17,0.01,51,77317,买盘
864,10:13:55,15.16,-0.01,18,27296,卖盘
865,10:13:57,15.17,0.01,151,229067,买盘
866,10:14:01,15.17,0.0,16,24276,卖盘
867,10:14:05,15.18,0.01,110,166980,买盘
868,10:14:07,15.18,0.0,19,28845,卖盘
869,10:14:10,15.18,0.0,21,31879,卖盘
870,10:14:12,15.19,0.01,75,113925,买盘
871,10:14:16,15.18,-0.01,103,156407,卖盘
872,10:14:19,15.19,0.01,206,312914,买盘
873,10:14:22,15.18,-0.01,11,16705,卖盘
874,10:14:25,15.18,0.0,57,86528,卖盘
875,10:14:27,15.19,0.01,60,91133,买盘
876,10:14:31,15.19,0.0,13,19747,买盘
877,10:14:34,15.19,0.0,18,27342,买盘
878,10:14:37,15.19,0.0,20,30367,买盘
879,10:14:39,15.19,0.0,59,89621,买盘
880,10:14:43,15.18,-0.01,12,18224,卖盘
881,10:14:46,15.19,0.01,22,33413,买盘
882,10:14:49,15.19,0.0,122,185317,买盘
883,10:14:51,15.19,0.0,76,115403,买盘
884,10:14:55,15.19,0.0,159,242276,买盘
885,10:14:58,15.19,0.0,2,3038,卖盘
886,10:15:01,15.19,0.0,110,167090,卖盘
887,10:15:05,15.19,0.0,8,12154,卖盘
888,10:15:07,15.19,0.0,23,34944,卖盘
889,10:15:10,15.19,0.0,166,252184,卖盘
890,10:15:13,15.19,0.0,704,1070054,卖盘
891,10:15:16,15.2,0.01,481,731097,买盘
892,10:15:18,15.2,0.0,214,325180,买盘
893,10:15:22,15.19,-0.01,61,92700,卖盘
894,10:15:24,15.2,0.01,233,353973,买盘
895,10:15:28,15.2,0.0,48,72960,买盘
896,10:15:31,15.2,0.0,174,264587,买盘
897,10:15:34,15.19,-0.01,577,876979,卖盘
898,10:15:40,15.19,0.0,200,303890,卖盘
899,10:15:43,15.19,0.0,409,621651,卖盘
900,10:15:46,15.19,0.0,56,85072,卖盘
901,10:15:48,15.2,0.01,120,182351,买盘
902,10:15:52,15.19,-0.01,36,54695,卖盘
903,10:15:55,15.19,0.0,44,66836,卖盘
904,10:15:58,15.19,0.0,306,464054,卖盘
905,10:16:01,15.19,0.0,140,212672,买盘
906,10:16:04,15.19,0.0,25,37975,买盘
907,10:16:07,15.19,0.0,15,22784,买盘
908,10:16:09,15.19,0.0,1,1519,卖盘
909,10:16:13,15.19,0.0,104,157976,卖盘
910,10:16:16,15.19,0.0,39,59241,卖盘
911,10:16:18,15.19,0.0,326,495194,卖盘
912,10:16:22,15.19,0.0,369,560511,卖盘
913,10:16:25,15.2,0.01,236,358584,买盘
914,10:16:28,15.19,-0.01,30,45550,中性盘
915,10:16:31,15.19,0.0,4,6076,买盘
916,10:16:34,15.17,-0.02,337,511416,卖盘
917,10:16:37,15.19,0.02,200,303413,买盘
918,10:16:39,15.18,-0.01,4,6072,卖盘
919,10:16:43,15.18,0.0,27,40986,卖盘
920,10:16:45,15.18,0.0,7,10626,卖盘
921,10:16:49,15.17,-0.01,49,74381,卖盘
922,10:16:51,15.19,0.02,53,80473,买盘
923,10:16:55,15.18,-0.01,31,47058,卖盘
924,10:16:58,15.18,0.0,18,27324,卖盘
925,10:17:01,15.18,0.0,21,31878,卖盘
926,10:17:04,15.18,0.0,54,81968,买盘
927,10:17:07,15.18,0.0,20,30360,买盘
928,10:17:09,15.17,-0.01,65,98605,卖盘
929,10:17:13,15.17,0.0,29,43984,买盘
930,10:17:16,15.17,0.0,62,94019,买盘
931,10:17:19,15.17,0.0,1,1517,买盘
932,10:17:24,15.16,-0.01,43,65188,卖盘
933,10:17:31,15.16,0.0,34,51553,卖盘
934,10:17:34,15.16,0.0,160,242619,卖盘
935,10:17:36,15.16,0.0,17,25772,买盘
936,10:17:40,15.16,0.0,2,3032,买盘
937,10:17:43,15.15,-0.01,25,37875,卖盘
938,10:17:45,15.15,0.0,73,110595,卖盘
939,10:17:49,15.15,0.0,7,10607,卖盘
940,10:17:51,15.16,0.01,25,37887,买盘
941,10:17:55,15.15,-0.01,157,237855,卖盘
942,10:17:58,15.16,0.01,27,40908,买盘
943,10:18:01,15.16,0.0,32,48481,买盘
944,10:18:05,15.16,0.0,78,118175,买盘
945,10:18:07,15.15,-0.01,21,31815,卖盘
946,10:18:10,15.15,0.0,9,13638,卖盘
947,10:18:13,15.15,0.0,44,66665,卖盘
948,10:18:16,15.15,0.0,57,86355,买盘
949,10:18:19,15.14,-0.01,6,9087,卖盘
950,10:18:21,15.14,0.0,71,107494,卖盘
951,10:18:25,15.14,0.0,5,7570,卖盘
952,10:18:28,15.14,0.0,27,40889,卖盘
953,10:18:31,15.14,0.0,80,121160,卖盘
954,10:18:34,15.15,0.01,17,25755,买盘
955,10:18:37,15.15,0.0,56,84794,买盘
956,10:18:43,15.14,-0.01,103,155980,卖盘
957,10:18:45,15.14,0.0,46,69654,卖盘
958,10:18:48,15.15,0.01,38,57567,买盘
959,10:18:52,15.15,0.0,126,190890,买盘
960,10:18:55,15.14,-0.01,53,80291,卖盘
961,10:18:58,15.15,0.01,78,118160,买盘
962,10:19:01,15.14,-0.01,14,21207,卖盘
963,10:19:04,15.14,0.0,20,30280,卖盘
964,10:19:07,15.14,0.0,110,166604,卖盘
965,10:19:10,15.15,0.01,9,13632,中性盘
966,10:19:12,15.15,0.0,34,51498,卖盘
967,10:19:16,15.15,0.0,10,15150,卖盘
968,10:19:19,15.15,0.0,76,115124,卖盘
969,10:19:22,15.15,0.0,7,10605,卖盘
970,10:19:25,15.16,0.01,43,65187,买盘
971,10:19:28,15.15,-0.01,27,40905,卖盘
972,10:19:30,15.14,-0.01,42,63597,卖盘
973,10:19:34,15.16,0.02,34,51544,买盘
974,10:19:36,15.15,-0.01,27,40905,中性盘
975,10:19:40,15.16,0.01,40,60608,买盘
976,10:19:42,15.15,-0.01,77,116655,卖盘
977,10:19:48,15.15,0.0,507,767685,卖盘
978,10:19:51,15.16,0.01,33,49998,买盘
979,10:19:55,15.15,-0.01,38,57570,卖盘
980,10:19:58,15.15,0.0,14,21210,卖盘
981,10:20:01,15.15,0.0,466,706367,卖盘
982,10:20:05,15.16,0.01,84,127344,买盘
983,10:20:07,15.15,-0.01,45,68175,卖盘
984,10:20:10,15.15,0.0,15,22739,卖盘
985,10:20:12,15.17,0.02,37,56094,买盘
986,10:20:16,15.16,-0.01,2,3032,卖盘
987,10:20:19,15.16,0.0,2,3032,卖盘
988,10:20:23,15.16,0.0,32,48517,卖盘
989,10:20:25,15.16,0.0,8,12128,卖盘
990,10:20:28,15.16,0.0,50,75800,卖盘
991,10:20:31,15.16,0.0,27,40932,卖盘
992,10:20:34,15.17,0.01,118,178953,买盘
993,10:20:37,15.16,-0.01,10,15160,买盘
994,10:20:40,15.16,0.0,60,90905,买盘
995,10:20:43,15.16,0.0,58,87878,买盘
996,10:20:46,15.16,0.0,2,3032,买盘
997,10:20:48,15.16,0.0,33,50028,买盘
998,10:20:51,15.16,0.0,2,3032,买盘
999,10:20:55,15.16,0.0,134,203137,买盘
1000,10:20:58,15.15,-0.01,112,169690,卖盘
1001,10:21:01,15.16,0.01,31,46981,买盘
1002,10:21:04,15.15,-0.01,37,56055,卖盘
1003,10:21:09,15.16,0.01,333,504804,买盘
1004,10:21:13,15.16,0.0,49,74260,买盘
1005,10:21:16,15.15,-0.01,124,187967,卖盘
1006,10:21:19,15.16,0.01,3,4548,买盘
1007,10:21:22,15.16,0.0,36,54560,买盘
1008,10:21:28,15.17,0.01,50,75850,买盘
1009,10:21:31,15.17,0.0,2,3034,买盘
1010,10:21:34,15.16,-0.01,10,15160,卖盘
1011,10:21:37,15.16,0.0,9,13644,卖盘
1012,10:21:40,15.17,0.01,5,7585,买盘
1013,10:21:43,15.17,0.0,24,36388,买盘
1014,10:21:45,15.16,-0.01,11,16676,卖盘
1015,10:21:49,15.16,0.0,10,15160,卖盘
1016,10:21:51,15.17,0.01,60,91008,买盘
1017,10:21:55,15.17,0.0,41,62192,买盘
1018,10:21:58,15.17,0.0,108,163836,卖盘
1019,10:22:01,15.18,0.01,5,7586,买盘
1020,10:22:04,15.18,0.0,134,203283,买盘
1021,10:22:06,15.17,-0.01,2,3034,卖盘
1022,10:22:10,15.17,0.0,53,80440,卖盘
1023,10:22:12,15.17,0.0,11,16693,卖盘
1024,10:22:16,15.18,0.01,30,45520,买盘
1025,10:22:19,15.17,-0.01,3,4551,卖盘
1026,10:22:22,15.18,0.01,223,338514,买盘
1027,10:22:24,15.18,0.0,86,130493,买盘
1028,10:22:28,15.18,0.0,67,101656,买盘
1029,10:22:31,15.17,-0.01,35,53100,卖盘
1030,10:22:34,15.17,0.0,1376,2085892,卖盘
1031,10:22:36,15.17,0.0,83,125969,买盘
1032,10:22:40,15.14,-0.03,384,581686,卖盘
1033,10:22:43,15.16,0.02,74,112252,中性盘
1034,10:22:46,15.17,0.01,118,178858,买盘
1035,10:22:49,15.15,-0.02,70,106050,买盘
1036,10:22:52,15.14,-0.01,25,37855,卖盘
1037,10:22:54,15.15,0.01,1240,1875687,买盘
1038,10:22:58,15.14,-0.01,130,196773,卖盘
1039,10:23:04,15.15,0.01,33,49989,买盘
1040,10:23:07,15.14,-0.01,17,25738,卖盘
1041,10:23:09,15.14,0.0,13,19670,买盘
1042,10:23:13,15.14,0.0,40,60555,买盘
1043,10:23:16,15.15,0.01,47,71204,买盘
1044,10:23:19,15.15,0.0,49,74234,买盘
1045,10:23:21,15.14,-0.01,29,43908,卖盘
1046,10:23:25,15.14,0.0,64,97007,卖盘
1047,10:23:30,15.15,0.01,443,671158,卖盘
1048,10:23:34,15.15,0.0,126,190814,卖盘
1049,10:23:42,15.14,-0.01,30,46196,卖盘
1050,10:23:46,15.14,0.0,4,6057,卖盘
1051,10:23:49,15.15,0.01,82,124219,买盘
1052,10:23:52,15.14,-0.01,18,27252,卖盘
1053,10:23:54,15.15,0.01,48,72708,买盘
1054,10:23:58,15.14,-0.01,1239,1874210,卖盘
1055,10:24:04,15.14,0.0,1246,1881551,买盘
1056,10:24:06,15.15,0.01,10,15133,卖盘
1057,10:24:09,15.14,-0.01,57,86278,中性盘
1058,10:24:13,15.1,-0.04,147,222167,卖盘
1059,10:24:16,15.1,0.0,79,119290,买盘
1060,10:24:19,15.1,0.0,112,169120,买盘
1061,10:24:22,15.1,0.0,329,496790,买盘
1062,10:24:25,15.09,-0.01,86,129833,卖盘
1063,10:24:28,15.09,0.0,72,108648,卖盘
1064,10:24:30,15.1,0.01,228,344229,买盘
1065,10:24:34,15.09,-0.01,228,344223,卖盘
1066,10:24:37,15.1,0.01,478,721780,买盘
1067,10:24:40,15.11,0.01,41,61938,中性盘
1068,10:24:43,15.11,0.0,5,7555,卖盘
1069,10:24:46,15.09,-0.02,986,1488432,卖盘
1070,10:24:48,15.12,0.03,251,378811,买盘
1071,10:24:52,15.12,0.0,230,348292,卖盘
1072,10:24:55,15.15,0.03,166,251256,买盘
1073,10:24:58,15.09,-0.06,930,1403628,卖盘
1074,10:25:01,15.14,0.05,370,558580,买盘
1075,10:25:05,15.11,-0.03,99,149536,买盘
1076,10:25:07,15.11,0.0,24,36264,买盘
1077,10:25:10,15.1,-0.01,19,28705,卖盘
1078,10:25:13,15.12,0.02,32,48398,买盘
1079,10:25:19,15.15,0.03,157,237714,买盘
1080,10:25:22,15.12,-0.03,78,117936,卖盘
1081,10:25:25,15.13,0.01,39,59007,中性盘
1082,10:25:28,15.15,0.02,100,151443,买盘
1083,10:25:31,15.13,-0.02,2,3026,卖盘
1084,10:25:33,15.13,0.0,1296,1959628,卖盘
1085,10:25:36,15.12,-0.01,60,90802,卖盘
1086,10:25:40,15.13,0.01,33,49944,卖盘
1087,10:25:43,15.13,0.0,1399,2115702,卖盘
1088,10:25:45,15.14,0.01,10,15140,买盘
1089,10:25:49,15.1,-0.04,1708,2581271,卖盘
1090,10:25:52,15.1,0.0,175,264250,买盘
1091,10:25:54,15.13,0.03,326,493133,买盘
1092,10:25:58,15.14,0.01,139,210369,买盘
1093,10:26:01,15.12,-0.02,1,1512,卖盘
1094,10:26:04,15.13,0.01,20,30260,中性盘
1095,10:26:06,15.14,0.01,33,49962,买盘
1096,10:26:10,15.15,0.01,339,513486,买盘
1097,10:26:13,15.15,0.0,80,121197,买盘
1098,10:26:16,15.15,0.0,76,115140,卖盘
1099,10:26:19,15.15,0.0,123,186445,卖盘
1100,10:26:22,15.15,0.0,120,181834,卖盘
1101,10:26:25,15.16,0.01,148,224356,买盘
1102,10:26:27,15.16,0.0,32,48510,买盘
1103,10:26:31,15.16,0.0,114,172840,买盘
1104,10:26:34,15.15,-0.01,58,87916,卖盘
1105,10:26:37,15.16,0.01,846,1281746,买盘
1106,10:26:40,15.16,0.0,29,43969,卖盘
1107,10:26:42,15.16,0.0,13,19708,卖盘
1108,10:26:45,15.17,0.01,342,517988,买盘
1109,10:26:48,15.17,0.0,144,218448,卖盘
1110,10:26:52,15.18,0.01,39,59192,买盘
1111,10:26:55,15.17,-0.01,678,1029065,卖盘
1112,10:26:57,15.18,0.01,13,19734,买盘
1113,10:27:01,15.2,0.02,3042,4624009,买盘
1114,10:27:04,15.2,0.0,30,45600,卖盘
1115,10:27:07,15.21,0.01,14,21287,买盘
1116,10:27:10,15.22,0.01,614,933376,买盘
1117,10:27:12,15.21,-0.01,121,184138,卖盘
1118,10:27:16,15.22,0.01,58,88269,买盘
1119,10:27:18,15.22,0.0,169,257051,买盘
1120,10:27:22,15.21,-0.01,432,657858,卖盘
1121,10:27:25,15.22,0.01,794,1207950,买盘
1122,10:27:28,15.21,-0.01,5,7605,中性盘
1123,10:27:30,15.22,0.01,67,101949,买盘
1124,10:27:34,15.21,-0.01,61,92772,卖盘
1125,10:27:37,15.22,0.01,336,511386,买盘
1126,10:27:40,15.21,-0.01,79,120165,卖盘
1127,10:27:42,15.21,0.0,105,159674,买盘
1128,10:27:45,15.21,0.0,125,190025,买盘
1129,10:27:48,15.2,-0.01,269,408120,卖盘
1130,10:27:52,15.2,0.0,149,226480,买盘
1131,10:27:55,15.21,0.01,158,240947,买盘
1132,10:27:58,15.2,-0.01,40,60800,卖盘
1133,10:28:00,15.2,0.0,361,548285,卖盘
1134,10:28:05,15.2,0.0,5,7600,买盘
1135,10:28:07,15.2,0.0,59,89680,买盘
1136,10:28:09,15.2,0.0,78,118536,买盘
1137,10:28:12,15.2,0.0,174,264311,买盘
1138,10:28:16,15.2,0.0,28,42536,买盘
1139,10:28:19,15.19,-0.01,75,113935,卖盘
1140,10:28:22,15.2,0.01,230,350298,买盘
1141,10:28:24,15.2,0.0,1,1520,卖盘
1142,10:28:28,15.2,0.0,39,59280,卖盘
1143,10:28:31,15.21,0.01,55,83634,买盘
1144,10:28:34,15.21,0.0,67,101850,买盘
1145,10:28:36,15.2,-0.01,123,186974,卖盘
1146,10:28:40,15.2,0.0,76,115526,卖盘
1147,10:28:43,15.2,0.0,126,190751,卖盘
1148,10:28:46,15.2,0.0,4,6080,买盘
1149,10:28:49,15.2,0.0,34,51680,买盘
1150,10:28:51,15.2,0.0,58,88127,买盘
1151,10:28:55,15.19,-0.01,47,71406,卖盘
1152,10:28:58,15.2,0.01,104,158000,买盘
1153,10:29:01,15.19,-0.01,46,69874,卖盘
1154,10:29:04,15.2,0.01,24,36478,买盘
1155,10:29:07,15.19,-0.01,55,83595,卖盘
1156,10:29:09,15.19,0.0,39,59241,卖盘
1157,10:29:12,15.2,0.01,29,44078,买盘
1158,10:29:16,15.2,0.0,40,60778,买盘
1159,10:29:19,15.19,-0.01,380,577551,卖盘
1160,10:29:22,15.19,0.0,17,25823,买盘
1161,10:29:24,15.18,-0.01,10,15180,卖盘
1162,10:29:28,15.19,0.01,86,130634,买盘
1163,10:29:31,15.2,0.01,212,322213,买盘
1164,10:29:34,15.19,-0.01,526,799494,卖盘
1165,10:29:36,15.19,0.0,7,10633,卖盘
1166,10:29:40,15.2,0.01,141,214298,买盘
1167,10:29:43,15.2,0.0,45,68390,卖盘
1168,10:29:45,15.2,0.0,44,66880,卖盘
1169,10:29:49,15.2,0.0,44,66860,卖盘
1170,10:29:52,15.2,0.0,23,34957,买盘
1171,10:29:54,15.2,0.0,169,256922,买盘
1172,10:29:58,15.19,-0.01,36,54693,卖盘
1173,10:30:01,15.19,0.0,18,27342,买盘
1174,10:30:04,15.19,0.0,14,21267,卖盘
1175,10:30:07,15.19,0.0,20,30380,卖盘
1176,10:30:10,15.19,0.0,5,7595,卖盘
1177,10:30:13,15.19,0.0,260,395140,卖盘
1178,10:30:16,15.19,0.0,48,72917,卖盘
1179,10:30:19,15.19,0.0,13,19749,卖盘
1180,10:30:22,15.19,0.0,1,1519,卖盘
1181,10:30:25,15.2,0.01,7,10640,买盘
1182,10:30:28,15.19,-0.01,1,1519,卖盘
1183,10:30:31,15.19,0.0,4,6076,卖盘
1184,10:30:34,15.2,0.01,160,243100,买盘
1185,10:30:37,15.19,-0.01,72,109435,卖盘
1186,10:30:39,15.2,0.01,63,95731,买盘
1187,10:30:43,15.19,-0.01,20,30380,卖盘
1188,10:30:46,15.2,0.01,60,91200,买盘
1189,10:30:48,15.19,-0.01,12,18230,卖盘
1190,10:30:52,15.2,0.01,10,15200,买盘
1191,10:30:55,15.19,-0.01,153,232465,卖盘
1192,10:30:58,15.2,0.01,11,16714,买盘
1193,10:31:00,15.2,0.0,127,193037,买盘
1194,10:31:05,15.2,0.0,26,39505,买盘
1195,10:31:07,15.2,0.0,72,109414,买盘
1196,10:31:10,15.19,-0.01,8,12152,卖盘
1197,10:31:13,15.19,0.0,131,199116,卖盘
1198,10:31:15,15.19,0.0,685,1040521,卖盘
1199,10:31:18,15.19,0.0,40,60748,中性盘
1200,10:31:22,15.19,0.0,23,34937,买盘
1201,10:31:25,15.19,0.0,5,7595,买盘
1202,10:31:27,15.19,0.0,186,282398,买盘
1203,10:31:31,15.18,-0.01,47,71378,卖盘
1204,10:31:34,15.18,0.0,70,106313,卖盘
1205,10:31:36,15.18,0.0,78,118404,卖盘
1206,10:31:43,15.18,0.0,31,47070,卖盘
1207,10:31:46,15.18,0.0,126,191268,卖盘
1208,10:31:52,15.19,0.01,152,230774,买盘
1209,10:31:55,15.17,-0.02,74,112258,卖盘
1210,10:31:58,15.18,0.01,12,18215,买盘
1211,10:32:01,15.19,0.01,72,109323,买盘
1212,10:32:04,15.17,-0.02,3,4553,卖盘
1213,10:32:07,15.18,0.01,66,100220,卖盘
1214,10:32:10,15.19,0.01,5,7595,买盘
1215,10:32:13,15.18,-0.01,42,63788,卖盘
1216,10:32:15,15.18,0.0,67,101722,卖盘
1217,10:32:19,15.18,0.0,37,56182,卖盘
1218,10:32:22,15.19,0.01,37,56168,买盘
1219,10:32:24,15.17,-0.02,6,9102,卖盘
1220,10:32:28,15.18,0.01,20,30360,买盘
1221,10:32:31,15.18,0.0,24,36432,买盘
1222,10:32:33,15.18,0.0,1,1518,买盘
1223,10:32:37,15.18,0.0,176,267159,买盘
1224,10:32:40,15.19,0.01,83,125988,买盘
1225,10:32:43,15.19,0.0,21,31888,买盘
1226,10:32:46,15.18,-0.01,31,47058,卖盘
1227,10:32:49,15.18,0.0,14,21253,卖盘
1228,10:32:54,15.18,0.0,102,154870,买盘
1229,10:32:58,15.18,0.0,18,27324,买盘
1230,10:33:01,15.18,0.0,71,107762,买盘
1231,10:33:04,15.18,0.0,10,15178,买盘
1232,10:33:07,15.18,0.0,52,78928,买盘
1233,10:33:10,15.17,-0.01,1,1517,卖盘
1234,10:33:12,15.17,0.0,253,383864,卖盘
1235,10:33:16,15.17,0.0,74,112258,卖盘
1236,10:33:19,15.18,0.01,57,86516,买盘
1237,10:33:21,15.16,-0.02,3,4548,卖盘
1238,10:33:25,15.16,0.0,87,131933,卖盘
1239,10:33:28,15.17,0.01,31,47027,买盘
1240,10:33:31,15.17,0.0,22,33374,买盘
1241,10:33:34,15.16,-0.01,340,515798,卖盘
1242,10:33:37,15.17,0.01,81,122829,卖盘
1243,10:33:39,15.17,0.0,30,45535,卖盘
1244,10:33:42,15.18,0.01,20,30355,买盘
1245,10:33:46,15.17,-0.01,39,59163,卖盘
1246,10:33:49,15.17,0.0,24,36408,买盘
1247,10:33:52,15.17,0.0,17,25793,买盘
1248,10:33:55,15.16,-0.01,30,45497,卖盘
1249,10:33:58,15.17,0.01,40,60650,中性盘
1250,10:34:01,15.17,0.0,5,7586,卖盘
1251,10:34:05,15.17,0.0,10,15170,卖盘
1252,10:34:07,15.18,0.01,12,18214,买盘
1253,10:34:09,15.17,-0.01,11,16687,卖盘
1254,10:34:13,15.17,0.0,5,7585,卖盘
1255,10:34:16,15.17,0.0,184,279130,卖盘
1256,10:34:18,15.17,0.0,26,39442,买盘
1257,10:34:22,15.17,0.0,11,16687,买盘
1258,10:34:25,15.17,0.0,20,30340,买盘
1259,10:34:28,15.17,0.0,164,248788,买盘
1260,10:34:30,15.17,0.0,13,19721,卖盘
1261,10:34:34,15.17,0.0,29,43996,卖盘
1262,10:34:36,15.17,0.0,28,42476,卖盘
1263,10:34:40,15.17,0.0,6,9102,卖盘
1264,10:34:43,15.17,0.0,2,3034,卖盘
1265,10:34:46,15.17,0.0,20,30340,卖盘
1266,10:34:49,15.17,0.0,62,94054,卖盘
1267,10:34:51,15.17,0.0,1,1517,卖盘
1268,10:34:55,15.17,0.0,32,48561,卖盘
1269,10:34:58,15.17,0.0,24,36408,卖盘
1270,10:35:01,15.17,0.0,34,51578,卖盘
1271,10:35:04,15.17,0.0,10,15170,卖盘
1272,10:35:07,15.18,0.01,11,16688,买盘
1273,10:35:10,15.17,-0.01,181,274577,卖盘
1274,10:35:13,15.18,0.01,63,95617,买盘
1275,10:35:15,15.17,-0.01,34,51578,卖盘
1276,10:35:19,15.17,0.0,21,31857,卖盘
1277,10:35:22,15.17,0.0,80,121367,卖盘
1278,10:35:25,15.17,0.0,1,1517,买盘
1279,10:35:28,15.16,-0.01,10,15167,卖盘
1280,10:35:31,15.16,0.0,26,39436,卖盘
1281,10:35:34,15.17,0.01,11,16687,买盘
1282,10:35:36,15.16,-0.01,85,128873,卖盘
1283,10:35:40,15.16,0.0,215,326144,卖盘
1284,10:35:43,15.16,0.0,7,10612,卖盘
1285,10:35:45,15.16,0.0,140,212240,卖盘
1286,10:35:49,15.16,0.0,4,6067,卖盘
1287,10:35:52,15.17,0.01,8,12136,买盘
1288,10:35:55,15.16,-0.01,5,7580,卖盘
1289,10:35:58,15.16,0.0,5,7580,卖盘
1290,10:36:01,15.16,0.0,16,24256,卖盘
1291,10:36:05,15.17,0.01,12,18199,买盘
1292,10:36:07,15.16,-0.01,89,134930,卖盘
1293,10:36:09,15.17,0.01,22,33374,买盘
1294,10:36:19,15.16,-0.01,5,7580,卖盘
1295,10:36:25,15.17,0.01,1,1517,买盘
1296,10:36:28,15.17,0.0,30,45510,买盘
1297,10:36:31,15.17,0.0,50,75850,买盘
1298,10:36:34,15.16,-0.01,11,16677,卖盘
1299,10:36:37,15.17,0.01,61,92518,买盘
1300,10:36:39,15.16,-0.01,12,18192,卖盘
1301,10:36:43,15.17,0.01,6,9102,买盘
1302,10:36:46,15.17,0.0,289,438413,买盘
1303,10:36:49,15.17,0.0,37,56129,卖盘
1304,10:36:52,15.17,0.0,6,9102,卖盘
1305,10:36:55,15.17,0.0,55,83435,卖盘
1306,10:37:01,15.18,0.01,43,65248,买盘
1307,10:37:04,15.17,-0.01,110,166870,卖盘
1308,10:37:07,15.17,0.0,44,66749,买盘
1309,10:37:09,15.17,0.0,21,31857,卖盘
1310,10:37:12,15.17,0.0,18,27317,卖盘
1311,10:37:16,15.17,0.0,22,33391,卖盘
1312,10:37:19,15.17,0.0,15,22765,卖盘
1313,10:37:22,15.17,0.0,16,24272,卖盘
1314,10:37:25,15.17,0.0,1,1517,卖盘
1315,10:37:28,15.18,0.01,14,21252,买盘
1316,10:37:30,15.17,-0.01,115,174465,卖盘
1317,10:37:37,15.18,0.01,40,60720,买盘
1318,10:37:40,15.18,0.0,34,51612,买盘
1319,10:37:43,15.17,-0.01,17,25789,卖盘
1320,10:37:46,15.18,0.01,33,50094,买盘
1321,10:37:49,15.17,-0.01,14,21240,卖盘
1322,10:37:51,15.18,0.01,14,21245,买盘
1323,10:37:55,15.18,0.0,17,25804,买盘
1324,10:38:01,15.17,-0.01,90,136600,卖盘
1325,10:38:07,15.18,0.01,704,1069431,买盘
1326,10:38:10,15.18,0.0,151,229218,卖盘
1327,10:38:12,15.19,0.01,39,59205,买盘
1328,10:38:16,15.18,-0.01,66,100192,卖盘
1329,10:38:19,15.2,0.02,2649,4025515,买盘
1330,10:38:22,15.2,0.0,35,52436,卖盘
1331,10:38:25,15.2,0.0,4,6080,卖盘
1332,10:38:28,15.19,-0.01,11,16719,卖盘
1333,10:38:30,15.2,0.01,28,42555,买盘
1334,10:38:34,15.2,0.0,87,132240,买盘
1335,10:38:37,15.2,0.0,324,492704,卖盘
1336,10:38:40,15.22,0.02,1371,2085758,买盘
1337,10:38:43,15.22,0.0,880,1339255,买盘
1338,10:38:46,15.23,0.01,211,321159,买盘
1339,10:38:49,15.23,0.0,391,595452,买盘
1340,10:38:52,15.24,0.01,1487,2264909,买盘
1341,10:38:55,15.24,0.0,743,1132158,买盘
1342,10:38:58,15.25,0.01,489,745286,买盘
1343,10:39:01,15.25,0.0,46,70147,买盘
1344,10:39:05,15.26,0.01,3199,4878506,买盘
1345,10:39:07,15.26,0.0,396,604197,买盘
1346,10:39:10,15.26,0.0,690,1052940,买盘
1347,10:39:13,15.27,0.01,308,469961,买盘
1348,10:39:16,15.27,0.0,176,268650,买盘
1349,10:39:19,15.28,0.01,579,884161,买盘
1350,10:39:22,15.27,-0.01,691,1055821,卖盘
1351,10:39:25,15.28,0.01,358,547023,买盘
1352,10:39:28,15.29,0.01,1289,1969709,买盘
1353,10:39:31,15.29,0.0,977,1493634,买盘
1354,10:39:34,15.29,0.0,113,172744,买盘
1355,10:39:37,15.29,0.0,541,826960,买盘
1356,10:39:40,15.3,0.01,634,969769,买盘
1357,10:39:42,15.3,0.0,161,246251,买盘
1358,10:39:46,15.3,0.0,143,218696,买盘
1359,10:39:49,15.29,-0.01,1071,1636802,卖盘
1360,10:39:52,15.28,-0.01,839,1281953,中性盘
1361,10:39:55,15.26,-0.02,516,788239,卖盘
1362,10:39:58,15.27,0.01,98,149692,中性盘
1363,10:40:01,15.27,0.0,87,132887,卖盘
1364,10:40:04,15.28,0.01,510,779129,买盘
1365,10:40:07,15.27,-0.01,54,82473,卖盘
1366,10:40:10,15.27,0.0,42,64154,卖盘
1367,10:40:13,15.27,0.0,237,361917,卖盘
1368,10:40:16,15.27,0.0,263,401601,买盘
1369,10:40:19,15.27,0.0,107,163403,卖盘
1370,10:40:22,15.28,0.01,249,380430,买盘
1371,10:40:25,15.28,0.0,118,180233,买盘
1372,10:40:28,15.28,0.0,132,201796,卖盘
1373,10:40:31,15.28,0.0,72,110017,卖盘
1374,10:40:34,15.29,0.01,383,585470,买盘
1375,10:40:37,15.29,0.0,151,230806,买盘
1376,10:40:39,15.28,-0.01,433,661909,卖盘
1377,10:40:43,15.29,0.01,612,935780,买盘
1378,10:40:46,15.29,0.0,59,90221,卖盘
1379,10:40:49,15.29,0.0,107,163605,卖盘
1380,10:40:52,15.3,0.01,4941,7559740,买盘
1381,10:40:55,15.31,0.01,443,678230,买盘
1382,10:40:58,15.3,-0.01,291,445355,卖盘
1383,10:41:01,15.31,0.01,153,234341,中性盘
1384,10:41:04,15.3,-0.01,190,290966,卖盘
1385,10:41:07,15.3,0.0,52,79606,卖盘
1386,10:41:10,15.32,0.02,461,706064,买盘
1387,10:41:13,15.31,-0.01,133,203623,卖盘
1388,10:41:16,15.31,0.0,101,154633,卖盘
1389,10:41:19,15.31,0.0,311,476180,卖盘
1390,10:41:22,15.31,0.0,50,76550,买盘
1391,10:41:25,15.3,-0.01,168,257111,卖盘
1392,10:41:28,15.3,0.0,449,687073,卖盘
1393,10:41:31,15.3,0.0,360,550800,买盘
1394,10:41:34,15.3,0.0,42,64260,买盘
1395,10:41:37,15.29,-0.01,76,116220,卖盘
1396,10:41:40,15.3,0.01,599,915927,买盘
1397,10:41:43,15.29,-0.01,159,243156,卖盘
1398,10:41:46,15.3,0.01,273,417450,买盘
1399,10:41:49,15.28,-0.02,2,3056,卖盘
1400,10:41:52,15.28,0.0,192,293402,卖盘
1401,10:41:55,15.28,0.0,278,425008,卖盘
1402,10:41:57,15.28,0.0,79,120712,买盘
1403,10:42:01,15.29,0.01,109,166473,买盘
1404,10:42:05,15.27,-0.02,67,102328,卖盘
1405,10:42:07,15.28,0.01,41,62648,中性盘
1406,10:42:10,15.27,-0.01,31,47363,卖盘
1407,10:42:13,15.28,0.01,34,51922,买盘
1408,10:42:16,15.28,0.0,85,129862,买盘
1409,10:42:19,15.27,-0.01,173,264205,卖盘
1410,10:42:22,15.28,0.01,32,48876,买盘
1411,10:42:25,15.27,-0.01,35,53445,卖盘
1412,10:42:28,15.27,0.0,68,103846,卖盘
1413,10:42:31,15.26,-0.01,13,19840,卖盘
1414,10:42:34,15.27,0.01,50,76350,买盘
1415,10:42:37,15.26,-0.01,27,41202,卖盘
1416,10:42:40,15.26,0.0,25,38155,卖盘
1417,10:42:43,15.25,-0.01,517,789406,卖盘
1418,10:42:46,15.26,0.01,10,15260,买盘
1419,10:42:49,15.25,-0.01,14,21358,卖盘
1420,10:42:52,15.25,0.0,19,28992,卖盘
1421,10:42:55,15.25,0.0,65,99125,卖盘
1422,10:42:58,15.25,0.0,3,4575,卖盘
1423,10:43:01,15.26,0.01,71,108285,买盘
1424,10:43:05,15.25,-0.01,28,42710,卖盘
1425,10:43:07,15.25,0.0,129,196825,卖盘
1426,10:43:10,15.26,0.01,72,109837,买盘
1427,10:43:13,15.27,0.01,44,67145,买盘
1428,10:43:16,15.27,0.0,44,67147,买盘
1429,10:43:19,15.26,-0.01,27,41204,卖盘
1430,10:43:22,15.26,0.0,55,83939,卖盘
1431,10:43:25,15.27,0.01,15,22897,买盘
1432,10:43:28,15.26,-0.01,85,129748,买盘
1433,10:43:31,15.26,0.0,4,6104,卖盘
1434,10:43:34,15.26,0.0,52,79353,卖盘
1435,10:43:37,15.27,0.01,45,68703,买盘
1436,10:43:40,15.26,-0.01,16,24416,卖盘
1437,10:43:43,15.27,0.01,69,105362,买盘
1438,10:43:46,15.27,0.0,25,38155,买盘
1439,10:43:49,15.27,0.0,148,225992,买盘
1440,10:43:52,15.27,0.0,33,50361,买盘
1441,10:43:55,15.27,0.0,30,45810,买盘
1442,10:43:58,15.27,0.0,36,54959,买盘
1443,10:44:01,15.27,0.0,43,65650,买盘
1444,10:44:04,15.26,-0.01,272,415329,卖盘
1445,10:44:07,15.27,0.01,29,44263,买盘
1446,10:44:10,15.27,0.0,115,175577,买盘
1447,10:44:13,15.26,-0.01,70,106870,卖盘
1448,10:44:16,15.26,0.0,149,227510,卖盘
1449,10:44:19,15.26,0.0,289,441014,卖盘
1450,10:44:22,15.26,0.0,515,786429,买盘
1451,10:44:25,15.26,0.0,4,6104,买盘
1452,10:44:28,15.27,0.01,200,305272,买盘
1453,10:44:31,15.27,0.0,113,172552,卖盘
1454,10:44:34,15.28,0.01,99,151184,买盘
1455,10:44:37,15.27,-0.01,35,53445,卖盘
1456,10:44:40,15.27,0.0,20,30540,买盘
1457,10:44:43,15.26,-0.01,7,10683,卖盘
1458,10:44:46,15.27,0.01,104,158808,买盘
1459,10:44:49,15.27,0.0,82,125164,买盘
1460,10:44:52,15.27,0.0,114,174076,买盘
1461,10:44:55,15.26,-0.01,300,457800,卖盘
1462,10:44:58,15.26,0.0,62,94653,卖盘
1463,10:45:01,15.26,0.0,255,389318,卖盘
1464,10:45:05,15.26,0.0,1,1526,买盘
1465,10:45:07,15.26,0.0,206,314356,买盘
1466,10:45:10,15.26,0.0,2,3052,买盘
1467,10:45:13,15.26,0.0,21,32046,卖盘
1468,10:45:16,15.26,0.0,65,99190,卖盘
1469,10:45:19,15.26,0.0,21,32046,卖盘
1470,10:45:22,15.26,0.0,10,15264,卖盘
1471,10:45:25,15.26,0.0,20,30520,卖盘
1472,10:45:28,15.27,0.01,308,470311,买盘
1473,10:45:31,15.27,0.0,97,148034,卖盘
1474,10:45:34,15.27,0.0,23,35121,卖盘
1475,10:45:37,15.27,0.0,208,317817,卖盘
1476,10:45:40,15.27,0.0,1,1527,卖盘
1477,10:45:43,15.27,0.0,74,113022,卖盘
1478,10:45:46,15.27,0.0,76,116088,卖盘
1479,10:45:49,15.28,0.01,18,27501,买盘
1480,10:45:52,15.27,-0.01,56,85563,卖盘
1481,10:45:55,15.28,0.01,9,13744,买盘
1482,10:45:58,15.27,-0.01,17,25974,卖盘
1483,10:46:05,15.27,0.0,49,74848,卖盘
1484,10:46:07,15.27,0.0,25,38175,卖盘
1485,10:46:10,15.27,0.0,107,163405,卖盘
1486,10:46:13,15.27,0.0,103,157281,买盘
1487,10:46:16,15.27,0.0,25,38175,买盘
1488,10:46:19,15.26,-0.01,101,154205,卖盘
1489,10:46:22,15.27,0.01,3,4581,买盘
1490,10:46:25,15.27,0.0,19,29002,买盘
1491,10:46:28,15.27,0.0,279,426029,买盘
1492,10:46:31,15.26,-0.01,30,45801,卖盘
1493,10:46:34,15.27,0.01,17,25959,买盘
1494,10:46:37,15.27,0.0,61,93147,买盘
1495,10:46:40,15.27,0.0,21,32067,卖盘
1496,10:46:43,15.28,0.01,33,50401,买盘
1497,10:46:46,15.27,-0.01,291,444560,卖盘
1498,10:46:49,15.27,0.0,5,7635,买盘
1499,10:46:52,15.27,0.0,102,155749,买盘
1500,10:46:55,15.26,-0.01,6,9156,卖盘
1501,10:46:58,15.27,0.01,64,97728,买盘
1502,10:47:01,15.27,0.0,11,16797,买盘
1503,10:47:04,15.27,0.0,223,340698,买盘
1504,10:47:07,15.27,0.0,46,70238,买盘
1505,10:47:16,15.27,0.0,87,132868,卖盘
1506,10:47:19,15.27,0.0,48,73297,卖盘
1507,10:47:22,15.27,0.0,146,222942,卖盘
1508,10:47:25,15.27,0.0,73,111514,卖盘
1509,10:47:28,15.27,0.0,31,47337,卖盘
1510,10:47:31,15.28,0.01,62,94686,买盘
1511,10:47:34,15.27,-0.01,157,239759,卖盘
1512,10:47:43,15.27,0.0,3,4581,买盘
1513,10:47:46,15.26,-0.01,497,758422,卖盘
1514,10:47:49,15.26,0.0,167,254826,买盘
1515,10:47:52,15.26,0.0,1,1526,买盘
1516,10:47:55,15.26,0.0,139,212114,买盘
1517,10:48:01,15.26,0.0,213,325041,卖盘
1518,10:48:05,15.26,0.0,17,25942,卖盘
1519,10:48:07,15.26,0.0,34,51884,卖盘
1520,10:48:10,15.27,0.01,267,407688,买盘
1521,10:48:13,15.27,0.0,38,58026,卖盘
1522,10:48:16,15.28,0.01,1266,1935171,买盘
1523,10:48:18,15.28,0.0,101,154328,卖盘
1524,10:48:22,15.28,0.0,4,6112,卖盘
1525,10:48:25,15.29,0.01,86,131481,买盘
1526,10:48:31,15.28,-0.01,7,10696,卖盘
1527,10:48:34,15.29,0.01,669,1022901,买盘
1528,10:48:37,15.29,0.0,389,594921,买盘
1529,10:48:40,15.29,0.0,80,122335,卖盘
1530,10:48:43,15.3,0.01,101,154523,买盘
1531,10:48:46,15.29,-0.01,153,234013,卖盘
1532,10:48:49,15.29,0.0,55,84138,卖盘
1533,10:48:52,15.3,0.01,7,10710,买盘
1534,10:48:55,15.29,-0.01,104,159107,卖盘
1535,10:48:58,15.3,0.01,169,258539,买盘
1536,10:49:01,15.3,0.0,2418,3699540,买盘
1537,10:49:05,15.3,0.0,338,517466,卖盘
1538,10:49:07,15.32,0.02,215,328446,买盘
1539,10:49:10,15.3,-0.02,8,12240,卖盘
1540,10:49:13,15.32,0.02,74,113346,买盘
1541,10:49:16,15.32,0.0,23,35222,买盘
1542,10:49:19,15.32,0.0,49,75050,买盘
1543,10:49:22,15.32,0.0,50,76600,买盘
1544,10:49:25,15.31,-0.01,36,55121,卖盘
1545,10:49:28,15.31,0.0,34,52065,卖盘
1546,10:49:31,15.32,0.01,28,42886,买盘
1547,10:49:34,15.31,-0.01,77,117901,卖盘
1548,10:49:37,15.31,0.0,212,324710,卖盘
1549,10:49:40,15.31,0.0,38,58178,买盘
1550,10:49:43,15.31,0.0,21,32140,买盘
1551,10:49:45,15.3,-0.01,37,56623,卖盘
1552,10:49:49,15.31,0.01,15,22955,买盘
1553,10:49:52,15.3,-0.01,56,85735,卖盘
1554,10:49:55,15.3,0.0,65,99460,卖盘
1555,10:49:58,15.3,0.0,76,116313,卖盘
1556,10:50:01,15.31,0.01,55,84199,买盘
1557,10:50:04,15.3,-0.01,180,275553,卖盘
1558,10:50:07,15.31,0.01,147,224957,买盘
1559,10:50:09,15.3,-0.01,99,151481,卖盘
1560,10:50:13,15.31,0.01,200,306003,买盘
1561,10:50:16,15.3,-0.01,62,95627,卖盘
1562,10:50:19,15.29,-0.01,187,285991,卖盘
1563,10:50:22,15.3,0.01,4,6120,买盘
1564,10:50:25,15.3,0.0,30,45898,买盘
1565,10:50:28,15.29,-0.01,39,59631,卖盘
1566,10:50:31,15.29,0.0,84,128503,卖盘
1567,10:50:34,15.29,0.0,178,272162,卖盘
1568,10:50:37,15.29,0.0,90,137527,买盘
1569,10:50:40,15.27,-0.02,40,61130,卖盘
1570,10:50:43,15.29,0.02,30,45866,买盘
1571,10:50:46,15.27,-0.02,17,25959,卖盘
1572,10:50:49,15.28,0.01,29,44288,买盘
1573,10:50:52,15.28,0.0,248,378902,买盘
1574,10:50:55,15.28,0.0,4,6110,买盘
1575,10:50:58,15.28,0.0,13,19864,卖盘
1576,10:51:01,15.28,0.0,4,6112,买盘
1577,10:51:04,15.27,-0.01,111,169497,卖盘
1578,10:51:07,15.27,0.0,353,539078,中性盘
1579,10:51:10,15.27,0.0,34,51918,买盘
1580,10:51:12,15.27,0.0,42,64142,买盘
1581,10:51:16,15.27,0.0,26,39706,卖盘
1582,10:51:19,15.27,0.0,19,29022,卖盘
1583,10:51:22,15.27,0.0,124,189348,卖盘
1584,10:51:25,15.27,0.0,49,74860,卖盘
1585,10:51:28,15.27,0.0,6,9162,买盘
1586,10:51:31,15.26,-0.01,4,6104,卖盘
1587,10:51:34,15.26,0.0,7,10682,卖盘
1588,10:51:37,15.26,0.0,14,21367,卖盘
1589,10:51:40,15.27,0.01,54,82444,买盘
1590,10:51:43,15.27,0.0,17,25944,买盘
1591,10:51:46,15.26,-0.01,2,3052,卖盘
1592,10:51:49,15.26,0.0,20,30520,卖盘
1593,10:51:52,15.26,0.0,8,12208,卖盘
1594,10:51:55,15.26,0.0,202,308257,卖盘
1595,10:51:58,15.26,0.0,104,158704,买盘
1596,10:52:04,15.26,0.0,86,131236,买盘
1597,10:52:07,15.27,0.01,14,21377,买盘
1598,10:52:10,15.26,-0.01,15,22890,卖盘
1599,10:52:13,15.26,0.0,7,10682,卖盘
1600,10:52:16,15.26,0.0,179,273154,卖盘
1601,10:52:19,15.26,0.0,188,287003,买盘
1602,10:52:21,15.25,-0.01,20,30501,卖盘
1603,10:52:28,15.25,0.0,112,170810,卖盘
1604,10:52:31,15.26,0.01,36,54913,买盘
1605,10:52:34,15.26,0.0,72,109870,买盘
1606,10:52:37,15.25,-0.01,116,177008,卖盘
1607,10:52:40,15.25,0.0,31,47290,卖盘
1608,10:52:43,15.26,0.01,44,67109,买盘
1609,10:52:46,15.26,0.0,30,45760,买盘
1610,10:52:49,15.26,0.0,18,27468,买盘
1611,10:52:51,15.25,-0.01,4,6100,卖盘
1612,10:53:01,15.25,0.0,59,89978,卖盘
1613,10:53:05,15.25,0.0,113,172425,卖盘
1614,10:53:07,15.25,0.0,8,12200,卖盘
1615,10:53:10,15.25,0.0,46,70154,卖盘
1616,10:53:13,15.25,0.0,10,15250,卖盘
1617,10:53:16,15.25,0.0,13,19825,卖盘
1618,10:53:19,15.25,0.0,85,129625,卖盘
1619,10:53:24,15.25,0.0,10,15250,买盘
1620,10:53:28,15.25,0.0,99,150975,买盘
1621,10:53:31,15.25,0.0,11,16776,卖盘
1622,10:53:34,15.25,0.0,84,128100,卖盘
1623,10:53:37,15.26,0.01,481,734006,买盘
1624,10:53:40,15.27,0.01,251,383267,买盘
1625,10:53:43,15.26,-0.01,104,158798,卖盘
1626,10:53:46,15.27,0.01,27,41244,中性盘
1627,10:53:49,15.27,0.0,13,19851,买盘
1628,10:53:51,15.26,-0.01,10,15265,卖盘
1629,10:53:55,15.27,0.01,23,35122,卖盘
1630,10:53:57,15.27,0.0,580,886190,卖盘
1631,10:54:01,15.28,0.01,100,152716,中性盘
1632,10:54:04,15.29,0.01,305,466344,买盘
1633,10:54:07,15.29,0.0,541,827115,买盘
1634,10:54:10,15.28,-0.01,58,88644,卖盘
1635,10:54:13,15.29,0.01,1,1529,买盘
1636,10:54:16,15.29,0.0,18,27522,买盘
1637,10:54:19,15.28,-0.01,24,36672,卖盘
1638,10:54:22,15.29,0.01,197,301093,买盘
1639,10:54:25,15.29,0.0,29,44341,买盘
1640,10:54:28,15.28,-0.01,477,729734,卖盘
1641,10:54:31,15.29,0.01,22,33638,买盘
1642,10:54:34,15.29,0.0,69,105524,买盘
1643,10:54:37,15.29,0.0,1,1529,卖盘
1644,10:54:40,15.29,0.0,25,38225,卖盘
1645,10:54:43,15.3,0.01,357,546156,买盘
1646,10:54:46,15.29,-0.01,10,15290,卖盘
1647,10:54:49,15.29,0.0,67,102443,买盘
1648,10:54:52,15.29,0.0,40,61177,卖盘
1649,10:54:55,15.29,0.0,25,38230,卖盘
1650,10:54:58,15.3,0.01,69,105543,买盘
1651,10:55:01,15.29,-0.01,16,24464,买盘
1652,10:55:05,15.3,0.01,285,436050,买盘
1653,10:55:07,15.31,0.01,1326,2028598,买盘
1654,10:55:09,15.3,-0.01,34,52003,买盘
1655,10:55:13,15.31,0.01,66,101011,买盘
1656,10:55:16,15.3,-0.01,389,595535,卖盘
1657,10:55:19,15.3,0.0,73,111736,卖盘
1658,10:55:22,15.3,0.0,31,47460,卖盘
1659,10:55:25,15.31,0.01,41,62766,买盘
1660,10:55:27,15.31,0.0,33,50520,买盘
1661,10:55:31,15.3,-0.01,24,36732,卖盘
1662,10:55:34,15.3,0.0,144,220390,卖盘
1663,10:55:36,15.3,0.0,30,45922,卖盘
1664,10:55:40,15.3,0.0,433,662889,卖盘
1665,10:55:43,15.31,0.01,56,85736,买盘
1666,10:55:46,15.3,-0.01,141,215867,卖盘
1667,10:55:49,15.31,0.01,318,486848,买盘
1668,10:55:52,15.3,-0.01,37,56622,卖盘
1669,10:55:55,15.31,0.01,38,58150,买盘
1670,10:55:58,15.3,-0.01,40,61210,卖盘
1671,10:56:01,15.31,0.01,431,659950,买盘
1672,10:56:05,15.31,0.0,177,271137,卖盘
1673,10:56:07,15.3,-0.01,66,101020,卖盘
1674,10:56:09,15.31,0.01,185,283128,买盘
1675,10:56:12,15.3,-0.01,31,47440,卖盘
1676,10:56:16,15.3,0.0,50,76500,卖盘
1677,10:56:18,15.3,0.0,24,36720,买盘
1678,10:56:22,15.3,0.0,69,105561,卖盘
1679,10:56:25,15.3,0.0,25,38250,买盘
1680,10:56:28,15.3,0.0,2,3059,买盘
1681,10:56:31,15.29,-0.01,35,53531,卖盘
1682,10:56:34,15.29,0.0,13,19882,卖盘
1683,10:56:37,15.29,0.0,120,183480,卖盘
1684,10:56:39,15.29,0.0,187,286091,卖盘
1685,10:56:43,15.29,0.0,5,7642,买盘
1686,10:56:49,15.29,0.0,13,19875,买盘
1687,10:56:52,15.29,0.0,211,322615,买盘
1688,10:56:55,15.28,-0.01,31,47370,卖盘
1689,10:56:58,15.28,0.0,20,30560,卖盘
1690,10:57:01,15.28,0.0,328,501209,卖盘
1691,10:57:05,15.28,0.0,6,9168,买盘
1692,10:57:07,15.27,-0.01,44,67189,卖盘
1693,10:57:10,15.27,0.0,27,40863,卖盘
1694,10:57:13,15.27,0.0,2,3054,卖盘
1695,10:57:16,15.27,0.0,25,38181,卖盘
1696,10:57:19,15.27,0.0,52,79405,卖盘
1697,10:57:22,15.27,0.0,6,9162,卖盘
1698,10:57:25,15.27,0.0,228,348156,卖盘
1699,10:57:28,15.27,0.0,27,41243,卖盘
1700,10:57:31,15.27,0.0,101,154250,卖盘
1701,10:57:34,15.27,0.0,510,779148,卖盘
1702,10:57:39,15.27,0.0,9,13743,买盘
1703,10:57:43,15.26,-0.01,87,132762,卖盘
1704,10:57:46,15.27,0.01,9,13743,买盘
1705,10:57:49,15.26,-0.01,18,27468,卖盘
1706,10:57:52,15.26,0.0,43,65652,卖盘
1707,10:57:55,15.26,0.0,341,520366,卖盘
1708,10:57:57,15.26,0.0,1,1526,买盘
1709,10:58:01,15.26,0.0,137,209087,买盘
1710,10:58:04,15.26,0.0,19,28994,卖盘
1711,10:58:10,15.26,0.0,124,189130,买盘
1712,10:58:13,15.26,0.0,16,24406,买盘
1713,10:58:16,15.26,0.0,76,115967,买盘
1714,10:58:19,15.26,0.0,2,3052,买盘
1715,10:58:22,15.26,0.0,60,91506,买盘
1716,10:58:25,15.25,-0.01,1,1525,卖盘
1717,10:58:28,15.25,0.0,70,106750,卖盘
1718,10:58:31,15.25,0.0,26,39671,卖盘
1719,10:58:34,15.25,0.0,127,193775,卖盘
1720,10:58:37,15.26,0.01,170,259418,买盘
1721,10:58:39,15.25,-0.01,16,24402,卖盘
1722,10:58:43,15.25,0.0,70,106780,卖盘
1723,10:58:46,15.26,0.01,21,32027,买盘
1724,10:58:49,15.26,0.0,230,350970,买盘
1725,10:58:58,15.26,0.0,299,456549,卖盘
1726,10:59:01,15.26,0.0,1,1526,卖盘
1727,10:59:04,15.26,0.0,288,439576,卖盘
1728,10:59:07,15.26,0.0,67,102282,卖盘
1729,10:59:10,15.27,0.01,98,149637,买盘
1730,10:59:13,15.27,0.0,39,59545,买盘
1731,10:59:16,15.27,0.0,17,25957,买盘
1732,10:59:19,15.27,0.0,2,3054,买盘
1733,10:59:22,15.27,0.0,18,27486,买盘
1734,10:59:28,15.27,0.0,58,88513,买盘
1735,10:59:30,15.27,0.0,29,44272,买盘
1736,10:59:34,15.28,0.01,100,152707,买盘
1737,10:59:37,15.26,-0.02,58,88561,卖盘
1738,10:59:40,15.27,0.01,5,7635,中性盘
1739,10:59:43,15.27,0.0,29,44292,卖盘
1740,10:59:46,15.28,0.01,63,96233,买盘
1741,10:59:49,15.27,-0.01,160,244320,卖盘
1742,10:59:51,15.26,-0.01,23,35108,卖盘
1743,10:59:55,15.27,0.01,3,4581,买盘
1744,10:59:58,15.28,0.01,413,630943,买盘
1745,11:00:01,15.27,-0.01,26,39702,买盘
1746,11:00:07,15.27,0.0,35,53470,卖盘
1747,11:00:09,15.27,0.0,77,117581,卖盘
1748,11:00:13,15.28,0.01,329,502708,买盘
1749,11:00:16,15.3,0.02,823,1258717,买盘
1750,11:00:19,15.31,0.01,1291,1975379,买盘
1751,11:00:22,15.29,-0.02,151,230989,卖盘
1752,11:00:24,15.31,0.02,180,275551,买盘
1753,11:00:31,15.3,-0.01,4,6120,中性盘
1754,11:00:34,15.3,0.0,9,13767,买盘
1755,11:00:37,15.3,0.0,6,9180,买盘
1756,11:00:40,15.3,0.0,10,15300,买盘
1757,11:00:43,15.31,0.01,84,128519,买盘
1758,11:00:46,15.31,0.0,170,260130,买盘
1759,11:00:49,15.3,-0.01,54,82623,卖盘
1760,11:00:52,15.29,-0.01,21,32110,卖盘
1761,11:00:55,15.3,0.01,66,100980,买盘
1762,11:00:58,15.3,0.0,12,18360,买盘
1763,11:01:01,15.3,0.0,5,7650,买盘
1764,11:01:04,15.3,0.0,84,128509,买盘
1765,11:01:07,15.3,0.0,64,97920,买盘
1766,11:01:09,15.3,0.0,164,250920,买盘
1767,11:01:13,15.3,0.0,24,36707,买盘
1768,11:01:16,15.3,0.0,55,84150,买盘
1769,11:01:19,15.3,0.0,39,59673,买盘
1770,11:01:21,15.3,0.0,27,41310,卖盘
1771,11:01:25,15.3,0.0,259,396482,卖盘
1772,11:01:28,15.29,-0.01,80,122372,卖盘
1773,11:01:31,15.3,0.01,3,4590,买盘
1774,11:01:34,15.3,0.0,27,41310,买盘
1775,11:01:37,15.3,0.0,13,19890,买盘
1776,11:01:40,15.29,-0.01,125,191125,卖盘
1777,11:01:43,15.29,0.0,72,110102,卖盘
1778,11:01:46,15.3,0.01,59,90262,买盘
1779,11:01:49,15.3,0.0,122,186660,买盘
1780,11:01:52,15.29,-0.01,2,3058,卖盘
1781,11:01:55,15.3,0.01,105,160650,买盘
1782,11:01:58,15.3,0.0,1,1530,买盘
1783,11:02:01,15.3,0.0,15,22950,买盘
1784,11:02:05,15.3,0.0,11,16830,买盘
1785,11:02:07,15.3,0.0,21,32110,买盘
1786,11:02:10,15.29,-0.01,6,9174,卖盘
1787,11:02:13,15.29,0.0,13,19880,卖盘
1788,11:02:16,15.3,0.01,151,231020,买盘
1789,11:02:19,15.29,-0.01,32,48958,卖盘
1790,11:02:22,15.3,0.01,29,44370,买盘
1791,11:02:25,15.29,-0.01,51,77979,卖盘
1792,11:02:28,15.29,0.0,165,252293,卖盘
1793,11:02:31,15.29,0.0,266,406844,卖盘
1794,11:02:37,15.28,-0.01,211,322408,卖盘
1795,11:02:40,15.28,0.0,60,91694,卖盘
1796,11:02:43,15.29,0.01,15,22923,买盘
1797,11:02:46,15.29,0.0,59,90211,买盘
1798,11:02:49,15.29,0.0,104,158961,买盘
1799,11:02:55,15.28,-0.01,22,33616,卖盘
1800,11:02:58,15.29,0.01,129,197129,买盘
1801,11:03:01,15.29,0.0,44,67271,买盘
1802,11:03:07,15.28,-0.01,108,165025,中性盘
1803,11:03:10,15.28,0.0,8,12224,买盘
1804,11:03:13,15.28,0.0,4,6112,买盘
1805,11:03:16,15.28,0.0,37,56529,买盘
1806,11:03:19,15.28,0.0,31,47368,买盘
1807,11:03:25,15.28,0.0,176,268828,买盘
1808,11:03:28,15.27,-0.01,11,16797,卖盘
1809,11:03:31,15.27,0.0,22,33613,卖盘
1810,11:03:34,15.28,0.01,208,316802,买盘
1811,11:03:40,15.27,-0.01,4,6108,买盘
1812,11:03:43,15.28,0.01,29,44312,买盘
1813,11:03:46,15.27,-0.01,9,13743,卖盘
1814,11:03:49,15.28,0.01,35,53447,买盘
1815,11:03:52,15.28,0.0,128,195564,买盘
1816,11:03:55,15.27,-0.01,59,90069,卖盘
1817,11:03:58,15.27,0.0,2,3054,买盘
1818,11:04:01,15.27,0.0,5,7635,买盘
1819,11:04:04,15.27,0.0,20,30540,买盘
1820,11:04:07,15.26,-0.01,10,15260,卖盘
1821,11:04:09,15.27,0.01,30,45805,买盘
1822,11:04:13,15.27,0.0,6,9162,买盘
1823,11:04:16,15.27,0.0,12,18324,买盘
1824,11:04:18,15.28,0.01,19,29018,买盘
1825,11:04:22,15.28,0.0,170,259502,买盘
1826,11:04:24,15.28,0.0,22,33606,买盘
1827,11:04:28,15.27,-0.01,11,16797,卖盘
1828,11:04:31,15.27,0.0,29,44288,卖盘
1829,11:04:34,15.27,0.0,19,29022,卖盘
1830,11:04:37,15.27,0.0,43,65679,卖盘
1831,11:04:40,15.29,0.02,337,514965,买盘
1832,11:04:43,15.26,-0.03,8,12213,卖盘
1833,11:04:46,15.27,0.01,20,30538,买盘
1834,11:04:49,15.27,0.0,7,10693,卖盘
1835,11:04:55,15.27,0.0,182,278084,卖盘
1836,11:04:58,15.27,0.0,93,142071,卖盘
1837,11:05:01,15.29,0.02,26,39726,买盘
1838,11:05:05,15.27,-0.02,3,4585,卖盘
1839,11:05:07,15.28,0.01,1,1528,买盘
1840,11:05:10,15.27,-0.01,6,9162,卖盘
1841,11:05:13,15.27,0.0,43,65697,卖盘
1842,11:05:16,15.27,0.0,16,24435,卖盘
1843,11:05:19,15.28,0.01,5,7640,中性盘
1844,11:05:21,15.27,-0.01,31,47343,卖盘
1845,11:05:25,15.28,0.01,24,36670,买盘
1846,11:05:31,15.27,-0.01,39,59567,卖盘
1847,11:05:37,15.28,0.01,5,7640,买盘
1848,11:05:40,15.28,0.0,4,6112,买盘
1849,11:05:43,15.27,-0.01,96,146687,卖盘
1850,11:05:46,15.27,0.0,28,42757,卖盘
1851,11:05:49,15.28,0.01,50,76400,买盘
1852,11:05:52,15.29,0.01,31,47364,买盘
1853,11:05:55,15.29,0.0,167,255019,买盘
1854,11:05:58,15.27,-0.02,11,16805,卖盘
1855,11:06:05,15.28,0.01,101,154328,买盘
1856,11:06:07,15.29,0.01,32,48890,买盘
1857,11:06:10,15.27,-0.02,17,25966,卖盘
1858,11:06:13,15.28,0.01,119,181832,买盘
1859,11:06:16,15.28,0.0,20,30560,卖盘
1860,11:06:19,15.28,0.0,149,227673,卖盘
1861,11:06:22,15.28,0.0,31,47368,卖盘
1862,11:06:25,15.29,0.01,12,18348,买盘
1863,11:06:28,15.28,-0.01,20,30560,卖盘
1864,11:06:31,15.28,0.0,67,102434,卖盘
1865,11:06:34,15.28,0.0,3,4584,卖盘
1866,11:06:37,15.28,0.0,17,25982,卖盘
1867,11:06:39,15.29,0.01,18,27522,买盘
1868,11:06:43,15.29,0.0,32,48898,买盘
1869,11:06:45,15.29,0.0,11,16818,买盘
1870,11:06:49,15.28,-0.01,8,12224,卖盘
1871,11:06:55,15.29,0.01,121,184906,买盘
1872,11:06:58,15.29,0.0,79,120786,买盘
1873,11:07:01,15.28,-0.01,120,183360,卖盘
1874,11:07:04,15.28,0.0,2,3056,卖盘
1875,11:07:07,15.28,0.0,731,1117679,卖盘
1876,11:07:09,15.29,0.01,64,97856,买盘
1877,11:07:13,15.29,0.0,2546,3896108,卖盘
1878,11:07:16,15.3,0.01,62,94901,买盘
1879,11:07:19,15.31,0.01,167,255550,买盘
1880,11:07:22,15.31,0.0,46,70410,买盘
1881,11:07:25,15.31,0.0,61,93391,买盘
1882,11:07:28,15.31,0.0,296,453166,买盘
1883,11:07:31,15.32,0.01,883,1352257,买盘
1884,11:07:34,15.32,0.0,1119,1713859,买盘
1885,11:07:37,15.33,0.01,1240,1900484,买盘
1886,11:07:39,15.32,-0.01,261,400105,卖盘
1887,11:07:43,15.34,0.02,946,1451087,买盘
1888,11:07:46,15.35,0.01,2701,4145761,买盘
1889,11:07:49,15.37,0.02,1643,2523210,买盘
1890,11:07:52,15.35,-0.02,67,102973,卖盘
1891,11:07:55,15.37,0.02,301,462637,买盘
1892,11:07:58,15.37,0.0,34,52289,卖盘
1893,11:08:01,15.38,0.01,61,93808,买盘
1894,11:08:04,15.37,-0.01,172,264464,卖盘
1895,11:08:07,15.36,-0.01,554,851520,卖盘
1896,11:08:09,15.36,0.0,131,201214,买盘
1897,11:08:13,15.34,-0.02,249,382145,卖盘
1898,11:08:16,15.35,0.01,235,360725,买盘
1899,11:08:19,15.34,-0.01,215,329598,中性盘
1900,11:08:22,15.33,-0.01,144,220980,卖盘
1901,11:08:25,15.34,0.01,36,55231,中性盘
1902,11:08:28,15.34,0.0,158,242370,买盘
1903,11:08:31,15.34,0.0,31,47532,买盘
1904,11:08:34,15.33,-0.01,76,116504,卖盘
1905,11:08:37,15.33,0.0,26,39858,卖盘
1906,11:08:40,15.33,0.0,120,183964,买盘
1907,11:08:43,15.32,-0.01,30,45975,卖盘
1908,11:08:46,15.34,0.02,17,26076,买盘
1909,11:08:49,15.33,-0.01,3,4599,卖盘
1910,11:08:52,15.33,0.0,3,4599,买盘
1911,11:08:54,15.33,0.0,226,346586,买盘
1912,11:08:58,15.33,0.0,14,21462,卖盘
1913,11:09:01,15.34,0.01,7,10737,买盘
1914,11:09:05,15.33,-0.01,13,19929,卖盘
1915,11:09:07,15.33,0.0,21,32194,卖盘
1916,11:09:10,15.33,0.0,74,113442,卖盘
1917,11:09:13,15.33,0.0,16,24528,买盘
1918,11:09:16,15.33,0.0,6,9198,买盘
1919,11:09:19,15.32,-0.01,262,401396,卖盘
1920,11:09:22,15.32,0.0,86,131827,卖盘
1921,11:09:25,15.32,0.0,33,50567,卖盘
1922,11:09:28,15.32,0.0,5,7660,卖盘
1923,11:09:31,15.33,0.01,39,59784,买盘
1924,11:09:37,15.32,-0.01,391,599108,卖盘
1925,11:09:39,15.32,0.0,61,93440,买盘
1926,11:09:42,15.32,0.0,23,35236,买盘
1927,11:09:46,15.32,0.0,36,55147,买盘
1928,11:09:49,15.32,0.0,67,102644,卖盘
1929,11:09:52,15.31,-0.01,298,456529,卖盘
1930,11:09:55,15.32,0.01,75,114900,买盘
1931,11:09:58,15.33,0.01,211,323253,买盘
1932,11:10:01,15.32,-0.01,46,70472,卖盘
1933,11:10:05,15.33,0.01,10,15330,买盘
1934,11:10:07,15.32,-0.01,15,22980,卖盘
1935,11:10:10,15.33,0.01,29,44439,买盘
1936,11:10:13,15.32,-0.01,34,52088,卖盘
1937,11:10:16,15.33,0.01,151,231482,买盘
1938,11:10:18,15.32,-0.01,57,87327,卖盘
1939,11:10:22,15.32,0.0,38,58216,卖盘
1940,11:10:24,15.32,0.0,214,327848,买盘
1941,11:10:28,15.32,0.0,56,85805,卖盘
1942,11:10:31,15.32,0.0,319,488708,卖盘
1943,11:10:34,15.32,0.0,175,268141,卖盘
1944,11:10:37,15.32,0.0,1,1532,卖盘
1945,11:10:40,15.32,0.0,18,27581,卖盘
1946,11:10:43,15.32,0.0,21,32172,买盘
1947,11:10:46,15.33,0.01,153,234446,买盘
1948,11:10:49,15.31,-0.02,214,327846,卖盘
1949,11:10:52,15.31,0.0,28,42891,卖盘
1950,11:10:58,15.31,0.0,5,7655,卖盘
1951,11:11:01,15.32,0.01,101,154719,买盘
1952,11:11:07,15.32,0.0,84,128688,买盘
1953,11:11:10,15.31,-0.01,14,21445,卖盘
1954,11:11:13,15.32,0.01,60,91870,买盘
1955,11:11:16,15.32,0.0,19,29108,买盘
1956,11:11:19,15.32,0.0,11,16842,买盘
1957,11:11:22,15.31,-0.01,31,47472,卖盘
1958,11:11:25,15.32,0.01,37,56659,买盘
1959,11:11:34,15.32,0.0,98,150131,买盘
1960,11:11:37,15.31,-0.01,44,67393,卖盘
1961,11:11:40,15.31,0.0,13,19903,卖盘
1962,11:11:46,15.32,0.01,3,4596,买盘
1963,11:11:49,15.31,-0.01,100,153100,卖盘
1964,11:11:52,15.31,0.0,160,244860,卖盘
1965,11:11:55,15.31,0.0,18,27548,买盘
1966,11:11:58,15.31,0.0,15,22965,买盘
1967,11:12:01,15.3,-0.01,18,27545,卖盘
1968,11:12:04,15.31,0.01,50,76520,买盘
1969,11:12:07,15.3,-0.01,24,36726,卖盘
1970,11:12:10,15.3,0.0,70,107165,卖盘
1971,11:12:12,15.3,0.0,57,87222,卖盘
1972,11:12:16,15.3,0.0,35,53574,卖盘
1973,11:12:19,15.3,0.0,14,21420,卖盘
1974,11:12:22,15.3,0.0,60,91800,卖盘
1975,11:12:25,15.29,-0.01,375,573755,卖盘
1976,11:12:31,15.29,0.0,8,12232,卖盘
1977,11:12:34,15.29,0.0,201,307344,卖盘
1978,11:12:37,15.29,0.0,34,51994,买盘
1979,11:12:40,15.3,0.01,365,558429,买盘
1980,11:12:43,15.31,0.01,210,321308,买盘
1981,11:12:46,15.31,0.0,49,75027,买盘
1982,11:12:49,15.32,0.01,324,496368,买盘
1983,11:12:52,15.33,0.01,513,786425,买盘
1984,11:12:55,15.34,0.01,124,190216,买盘
1985,11:12:57,15.34,0.0,3,4602,卖盘
1986,11:13:01,15.34,0.0,18,27612,卖盘
1987,11:13:04,15.34,0.0,279,428232,卖盘
1988,11:13:09,15.34,0.0,135,207130,买盘
1989,11:13:13,15.32,-0.02,44,67458,卖盘
1990,11:13:16,15.34,0.02,59,90506,买盘
1991,11:13:19,15.33,-0.01,27,41391,买盘
1992,11:13:22,15.33,0.0,517,791373,买盘
1993,11:13:25,15.33,0.0,31,47523,买盘
1994,11:13:28,15.33,0.0,5,7665,买盘
1995,11:13:31,15.32,-0.01,7,10724,买盘
1996,11:13:34,15.32,0.0,9,13776,买盘
1997,11:13:37,15.3,-0.02,2,3060,卖盘
1998,11:13:39,15.3,0.0,2,3060,卖盘
1999,11:13:43,15.31,0.01,1,1531,中性盘
2000,11:13:45,15.32,0.01,45,68940,买盘
2001,11:13:49,15.31,-0.01,51,78089,卖盘
2002,11:13:52,15.31,0.0,12,18372,卖盘
2003,11:13:55,15.31,0.0,61,93412,卖盘
2004,11:13:58,15.32,0.01,13,19908,买盘
2005,11:14:00,15.31,-0.01,53,81143,卖盘
2006,11:14:04,15.31,0.0,13,19906,卖盘
2007,11:14:07,15.31,0.0,26,39814,卖盘
2008,11:14:10,15.3,-0.01,109,166873,卖盘
2009,11:14:13,15.31,0.01,5,7655,买盘
2010,11:14:16,15.3,-0.01,19,29087,卖盘
2011,11:14:18,15.31,0.01,9,13779,买盘
2012,11:14:22,15.32,0.01,175,268009,买盘
2013,11:14:25,15.31,-0.01,15,22960,卖盘
2014,11:14:28,15.31,0.0,118,180690,卖盘
2015,11:14:31,15.31,0.0,401,613913,买盘
2016,11:14:33,15.32,0.01,160,245020,买盘
2017,11:14:37,15.31,-0.01,57,87247,卖盘
2018,11:14:40,15.32,0.01,58,88799,买盘
2019,11:14:46,15.31,-0.01,64,98034,卖盘
2020,11:14:49,15.32,0.01,3,4596,买盘
2021,11:14:51,15.32,0.0,84,128666,买盘
2022,11:14:58,15.32,0.0,237,362857,买盘
2023,11:15:07,15.31,-0.01,66,101047,卖盘
2024,11:15:10,15.31,0.0,25,38275,卖盘
2025,11:15:13,15.32,0.01,20,30640,买盘
2026,11:15:19,15.31,-0.01,52,79616,卖盘
2027,11:15:22,15.31,0.0,63,96453,卖盘
2028,11:15:25,15.31,0.0,9,13779,卖盘
2029,11:15:28,15.31,0.0,14,21426,卖盘
2030,11:15:31,15.31,0.0,52,79612,买盘
2031,11:15:34,15.31,0.0,60,91860,买盘
2032,11:15:37,15.3,-0.01,161,246621,卖盘
2033,11:15:43,15.3,0.0,68,104093,卖盘
2034,11:15:46,15.3,0.0,162,247863,卖盘
2035,11:15:49,15.29,-0.01,126,192815,卖盘
2036,11:15:52,15.29,0.0,93,142197,卖盘
2037,11:15:55,15.3,0.01,5,7650,买盘
2038,11:15:58,15.29,-0.01,8,12232,卖盘
2039,11:16:01,15.29,0.0,42,64218,卖盘
2040,11:16:05,15.29,0.0,30,45870,买盘
2041,11:16:07,15.29,0.0,20,30580,卖盘
2042,11:16:13,15.28,-0.01,51,77977,卖盘
2043,11:16:19,15.28,0.0,23,35160,卖盘
2044,11:16:22,15.28,0.0,10,15280,卖盘
2045,11:16:24,15.28,0.0,101,154328,卖盘
2046,11:16:28,15.28,0.0,30,45840,卖盘
2047,11:16:31,15.28,0.0,180,275040,卖盘
2048,11:16:34,15.28,0.0,8,12224,买盘
2049,11:16:37,15.27,-0.01,21,32077,卖盘
2050,11:16:40,15.27,0.0,105,160355,卖盘
2051,11:16:43,15.27,0.0,65,99255,卖盘
2052,11:16:46,15.27,0.0,98,149646,卖盘
2053,11:16:49,15.27,0.0,52,79404,买盘
2054,11:16:55,15.27,0.0,54,82458,买盘
2055,11:16:57,15.26,-0.01,41,62587,卖盘
2056,11:17:01,15.26,0.0,213,325176,卖盘
2057,11:17:04,15.27,0.01,188,286971,买盘
2058,11:17:07,15.26,-0.01,50,76300,卖盘
2059,11:17:10,15.26,0.0,150,228900,买盘
2060,11:17:13,15.26,0.0,28,42728,买盘
2061,11:17:16,15.26,0.0,9,13734,买盘
2062,11:17:19,15.25,-0.01,11,16781,卖盘
2063,11:17:22,15.25,0.0,20,30511,卖盘
2064,11:17:25,15.25,0.0,95,144875,卖盘
2065,11:17:28,15.25,0.0,35,53377,卖盘
2066,11:17:31,15.25,0.0,86,131150,卖盘
2067,11:17:34,15.25,0.0,50,76250,卖盘
2068,11:17:37,15.26,0.01,840,1281710,买盘
2069,11:17:40,15.26,0.0,58,88453,买盘
2070,11:17:43,15.26,0.0,98,149542,买盘
2071,11:17:46,15.26,0.0,89,135893,卖盘
2072,11:17:49,15.27,0.01,210,320668,买盘
2073,11:17:51,15.27,0.0,51,77877,买盘
2074,11:17:55,15.27,0.0,144,220026,卖盘
2075,11:17:57,15.27,0.0,154,235207,卖盘
2076,11:18:01,15.28,0.01,537,820536,买盘
2077,11:18:04,15.29,0.01,178,272152,买盘
2078,11:18:07,15.29,0.0,22,33635,买盘
2079,11:18:10,15.28,-0.01,2,3056,卖盘
2080,11:18:12,15.29,0.01,14,21406,买盘
2081,11:18:16,15.29,0.0,121,184999,买盘
2082,11:18:19,15.29,0.0,5,7645,卖盘
2083,11:18:22,15.29,0.0,3,4587,卖盘
2084,11:18:28,15.28,-0.01,28,42808,卖盘
2085,11:18:31,15.29,0.01,49,74921,买盘
2086,11:18:37,15.28,-0.01,61,93258,卖盘
2087,11:18:40,15.3,0.02,135,206417,买盘
2088,11:18:43,15.29,-0.01,51,77979,卖盘
2089,11:18:46,15.29,0.0,16,24464,卖盘
2090,11:18:49,15.29,0.0,36,55044,卖盘
2091,11:18:51,15.29,0.0,2,3058,卖盘
2092,11:18:55,15.3,0.01,390,596700,买盘
2093,11:18:58,15.3,0.0,6,9180,卖盘
2094,11:19:01,15.3,0.0,1,1530,卖盘
2095,11:19:07,15.3,0.0,103,157590,卖盘
2096,11:19:10,15.29,-0.01,34,52019,卖盘
2097,11:19:13,15.3,0.01,10,15300,买盘
2098,11:19:16,15.3,0.0,2,3060,买盘
2099,11:19:19,15.29,-0.01,82,125378,卖盘
2100,11:19:22,15.29,0.0,5,7645,买盘
2101,11:19:27,15.29,0.0,200,305800,买盘
2102,11:19:40,15.29,0.0,1,1529,买盘
2103,11:19:45,15.28,-0.01,2,3056,卖盘
2104,11:19:49,15.29,0.01,160,244640,买盘
2105,11:19:55,15.29,0.0,50,76450,卖盘
2106,11:19:57,15.29,0.0,11,16812,卖盘
2107,11:20:01,15.29,0.0,45,68845,卖盘
2108,11:20:05,15.29,0.0,95,145260,卖盘
2109,11:20:07,15.29,0.0,78,119262,卖盘
2110,11:20:10,15.29,0.0,37,56573,卖盘
2111,11:20:13,15.29,0.0,21,32109,买盘
2112,11:20:16,15.29,0.0,8,12232,买盘
2113,11:20:19,15.29,0.0,23,35167,买盘
2114,11:20:25,15.29,0.0,7,10703,买盘
2115,11:20:28,15.29,0.0,149,227821,买盘
2116,11:20:31,15.29,0.0,63,96327,卖盘
2117,11:20:34,15.29,0.0,26,39754,卖盘
2118,11:20:37,15.29,0.0,172,262988,卖盘
2119,11:20:40,15.3,0.01,700,1070622,买盘
2120,11:20:43,15.28,-0.02,8,12224,卖盘
2121,11:20:46,15.28,0.0,19,29046,卖盘
2122,11:20:51,15.28,0.0,7,10698,卖盘
2123,11:20:55,15.29,0.01,92,140638,买盘
2124,11:21:05,15.3,0.01,674,1031219,买盘
2125,11:21:07,15.3,0.0,57,87210,卖盘
2126,11:21:10,15.31,0.01,2,3062,买盘
2127,11:21:13,15.3,-0.01,23,35190,卖盘
2128,11:21:16,15.3,0.0,29,44370,卖盘
2129,11:21:19,15.31,0.01,2,3062,买盘
2130,11:21:25,15.3,-0.01,24,36720,卖盘
2131,11:21:31,15.3,0.0,300,459000,卖盘
2132,11:21:34,15.3,0.0,21,32130,卖盘
2133,11:21:37,15.3,0.0,113,172890,买盘
2134,11:21:40,15.31,0.01,21,32131,买盘
2135,11:21:43,15.3,-0.01,12,18360,卖盘
2136,11:21:46,15.3,0.0,17,26010,卖盘
2137,11:21:49,15.3,0.0,6,9184,卖盘
2138,11:21:52,15.3,0.0,1,1530,卖盘
2139,11:21:55,15.3,0.0,6,9180,卖盘
2140,11:21:58,15.3,0.0,239,365893,卖盘
2141,11:22:01,15.31,0.01,478,731868,买盘
2142,11:22:04,15.32,0.01,347,531584,买盘
2143,11:22:07,15.32,0.0,704,1078529,买盘
2144,11:22:10,15.32,0.0,27,41364,卖盘
2145,11:22:12,15.33,0.01,23,35259,买盘
2146,11:22:16,15.32,-0.01,600,919651,卖盘
2147,11:22:19,15.32,0.0,11,16861,卖盘
2148,11:22:22,15.33,0.01,93,142569,买盘
2149,11:22:25,15.32,-0.01,76,116482,卖盘
2150,11:22:28,15.33,0.01,70,107310,买盘
2151,11:22:33,15.32,-0.01,36,55174,买盘
2152,11:22:37,15.31,-0.01,55,84205,卖盘
2153,11:22:40,15.33,0.02,1,1533,买盘
2154,11:22:43,15.32,-0.01,27,41362,买盘
2155,11:22:45,15.32,0.0,4,6128,买盘
2156,11:22:49,15.33,0.01,32,49053,买盘
2157,11:22:51,15.31,-0.02,3,4593,卖盘
2158,11:22:55,15.32,0.01,16,24512,买盘
2159,11:22:57,15.31,-0.01,121,185255,卖盘
2160,11:23:00,15.31,0.0,11,16841,卖盘
2161,11:23:05,15.31,0.0,8,12248,买盘
2162,11:23:07,15.31,0.0,49,75019,买盘
2163,11:23:10,15.31,0.0,6,9186,卖盘
2164,11:23:13,15.32,0.01,6,9187,买盘
2165,11:23:16,15.31,-0.01,13,19903,卖盘
2166,11:23:19,15.31,0.0,17,26027,卖盘
2167,11:23:22,15.31,0.0,40,61240,卖盘
2168,11:23:25,15.32,0.01,55,84207,买盘
2169,11:23:28,15.31,-0.01,14,21434,卖盘
2170,11:23:31,15.33,0.02,520,796982,买盘
2171,11:23:33,15.32,-0.01,14,21438,中性盘
2172,11:23:37,15.32,0.0,5,7660,卖盘
2173,11:23:40,15.33,0.01,358,548811,买盘
2174,11:23:43,15.33,0.0,3,4599,卖盘
2175,11:23:46,15.34,0.01,1,1534,买盘
2176,11:23:49,15.33,-0.01,63,96594,卖盘
2177,11:23:51,15.34,0.01,266,407784,买盘
2178,11:23:55,15.33,-0.01,409,626997,卖盘
2179,11:24:01,15.33,0.0,22,33726,买盘
2180,11:24:05,15.33,0.0,20,30660,买盘
2181,11:24:07,15.33,0.0,660,1011780,买盘
2182,11:24:10,15.34,0.01,16,24538,买盘
2183,11:24:12,15.33,-0.01,16,24528,卖盘
2184,11:24:18,15.34,0.01,117,179378,买盘
2185,11:24:22,15.33,-0.01,16,24528,卖盘
2186,11:24:24,15.33,0.0,12,18401,卖盘
2187,11:24:28,15.33,0.0,20,30660,卖盘
2188,11:24:31,15.33,0.0,17,26076,卖盘
2189,11:24:34,15.33,0.0,315,482895,卖盘
2190,11:24:36,15.33,0.0,89,136481,卖盘
2191,11:24:40,15.33,0.0,23,35264,卖盘
2192,11:24:43,15.34,0.01,11,16873,买盘
2193,11:24:45,15.33,-0.01,65,99645,卖盘
2194,11:24:49,15.33,0.0,9,13797,卖盘
2195,11:24:51,15.34,0.01,3,4601,买盘
2196,11:24:55,15.33,-0.01,12,18407,卖盘
2197,11:24:57,15.34,0.01,37,56742,买盘
2198,11:25:01,15.33,-0.01,8,12267,卖盘
2199,11:25:07,15.33,0.0,23,35259,卖盘
2200,11:25:10,15.33,0.0,46,70530,卖盘
2201,11:25:13,15.33,0.0,101,154833,卖盘
2202,11:25:16,15.32,-0.01,52,79708,卖盘
2203,11:25:22,15.33,0.01,2,3066,买盘
2204,11:25:25,15.32,-0.01,10,15325,卖盘
2205,11:25:28,15.32,0.0,52,79711,卖盘
2206,11:25:31,15.33,0.01,76,116496,买盘
2207,11:25:34,15.32,-0.01,47,72015,卖盘
2208,11:25:37,15.32,0.0,116,177812,卖盘
2209,11:25:40,15.33,0.01,101,154733,买盘
2210,11:25:43,15.32,-0.01,38,58251,卖盘
2211,11:25:46,15.32,0.0,49,75098,卖盘
2212,11:25:49,15.32,0.0,30,45960,卖盘
2213,11:25:52,15.33,0.01,46,70476,买盘
2214,11:25:55,15.32,-0.01,5,7660,中性盘
2215,11:25:58,15.32,0.0,1,1532,买盘
2216,11:26:00,15.31,-0.01,50,76553,卖盘
2217,11:26:07,15.32,0.01,2,3064,中性盘
2218,11:26:10,15.31,-0.01,50,76576,卖盘
2219,11:26:12,15.31,0.0,13,19912,卖盘
2220,11:26:16,15.32,0.01,1,1532,中性盘
2221,11:26:22,15.31,-0.01,27,41357,卖盘
2222,11:26:28,15.31,0.0,19,29098,卖盘
2223,11:26:31,15.31,0.0,65,99520,卖盘
2224,11:26:34,15.32,0.01,113,173116,买盘
2225,11:26:37,15.32,0.0,61,93452,卖盘
2226,11:26:43,15.33,0.01,155,237610,买盘
2227,11:26:46,15.32,-0.01,9,13788,卖盘
2228,11:26:49,15.32,0.0,7,10724,买盘
2229,11:26:52,15.32,0.0,1,1532,买盘
2230,11:26:55,15.32,0.0,151,231182,买盘
2231,11:26:58,15.32,0.0,17,26032,买盘
2232,11:27:01,15.31,-0.01,49,75019,卖盘
2233,11:27:04,15.31,0.0,116,177596,卖盘
2234,11:27:07,15.31,0.0,94,143914,卖盘
2235,11:27:10,15.31,0.0,5,7658,卖盘
2236,11:27:13,15.31,0.0,44,67364,卖盘
2237,11:27:16,15.31,0.0,12,18382,卖盘
2238,11:27:19,15.32,0.01,39,59711,买盘
2239,11:27:25,15.31,-0.01,2,3062,卖盘
2240,11:27:28,15.31,0.0,112,171482,卖盘
2241,11:27:34,15.32,0.01,17,26043,买盘
2242,11:27:37,15.31,-0.01,7,10717,卖盘
2243,11:27:40,15.31,0.0,2,3062,卖盘
2244,11:27:43,15.31,0.0,110,168505,卖盘
2245,11:27:46,15.31,0.0,78,119422,卖盘
2246,11:27:48,15.31,0.0,14,21434,卖盘
2247,11:27:51,15.31,0.0,5,7655,卖盘
2248,11:27:55,15.31,0.0,37,56651,卖盘
2249,11:27:58,15.32,0.01,21,32157,买盘
2250,11:28:05,15.31,-0.01,115,176065,卖盘
2251,11:28:07,15.31,0.0,10,15310,买盘
2252,11:28:09,15.31,0.0,8,12248,买盘
2253,11:28:12,15.3,-0.01,73,111690,卖盘
2254,11:28:16,15.31,0.01,1,1531,买盘
2255,11:28:28,15.31,0.0,10,15310,买盘
2256,11:28:31,15.3,-0.01,285,436295,卖盘
2257,11:28:34,15.31,0.01,288,440928,买盘
2258,11:28:43,15.31,0.0,74,113346,卖盘
2259,11:28:46,15.31,0.0,37,56647,卖盘
2260,11:28:49,15.32,0.01,18,27559,买盘
2261,11:28:51,15.31,-0.01,1,1531,卖盘
2262,11:28:55,15.31,0.0,269,412089,卖盘
2263,11:28:58,15.31,0.0,4,6124,卖盘
2264,11:29:01,15.31,0.0,205,314005,卖盘
2265,11:29:04,15.32,0.01,38,58216,买盘
2266,11:29:07,15.31,-0.01,42,64302,卖盘
2267,11:29:10,15.31,0.0,30,45930,卖盘
2268,11:29:13,15.32,0.01,122,186904,买盘
2269,11:29:16,15.32,0.0,10,15320,卖盘
2270,11:29:19,15.32,0.0,24,36768,卖盘
2271,11:29:25,15.32,0.0,136,208483,卖盘
2272,11:29:28,15.33,0.01,369,565677,买盘
2273,11:29:31,15.33,0.0,46,70518,卖盘
2274,11:29:34,15.33,0.0,81,124173,卖盘
2275,11:29:37,15.33,0.0,7,10731,卖盘
2276,11:29:40,15.34,0.01,10,15340,买盘
2277,11:29:43,15.33,-0.01,16,24528,卖盘
2278,11:29:46,15.33,0.0,58,88914,卖盘
2279,11:29:49,15.33,0.0,224,343392,卖盘
2280,11:29:52,15.34,0.01,11,16874,买盘
2281,11:29:55,15.34,0.0,4,6136,买盘
2282,11:29:58,15.34,0.0,373,572179,买盘
2283,13:00:01,15.33,-0.01,1021,1565872,卖盘
2284,13:00:05,15.34,0.01,4090,6278694,买盘
2285,13:00:07,15.37,0.03,752,1155132,买盘
2286,13:00:10,15.37,0.0,94,144478,卖盘
2287,13:00:13,15.37,0.0,11,16908,卖盘
2288,13:00:16,15.37,0.0,30,46110,卖盘
2289,13:00:19,15.38,0.01,208,319735,买盘
2290,13:00:21,15.38,0.0,111,170618,买盘
2291,13:00:28,15.38,0.0,52,79968,买盘
2292,13:00:31,15.37,-0.01,115,176755,卖盘
2293,13:00:34,15.38,0.01,308,473696,买盘
2294,13:00:37,15.37,-0.01,232,356594,卖盘
2295,13:00:40,15.37,0.0,59,90683,卖盘
2296,13:00:42,15.36,-0.01,30,46090,卖盘
2297,13:00:45,15.37,0.01,4,6148,买盘
2298,13:00:49,15.37,0.0,19,29203,买盘
2299,13:00:52,15.35,-0.02,103,158239,卖盘
2300,13:00:55,15.35,0.0,40,61438,卖盘
2301,13:00:58,15.36,0.01,39,59904,中性盘
2302,13:01:05,15.36,0.0,2,3072,买盘
2303,13:01:07,15.36,0.0,11,16896,买盘
2304,13:01:10,15.35,-0.01,10,15350,卖盘
2305,13:01:12,15.35,0.0,68,104442,卖盘
2306,13:01:16,15.36,0.01,127,195072,买盘
2307,13:01:19,15.36,0.0,143,219655,卖盘
2308,13:01:22,15.36,0.0,4,6146,卖盘
2309,13:01:24,15.36,0.0,51,78336,卖盘
2310,13:01:28,15.36,0.0,146,224306,卖盘
2311,13:01:31,15.37,0.01,32,49174,买盘
2312,13:01:34,15.35,-0.02,8,12280,卖盘
2313,13:01:37,15.35,0.0,1,1535,卖盘
2314,13:01:40,15.36,0.01,4,6144,买盘
2315,13:01:43,15.35,-0.01,35,53725,卖盘
2316,13:01:45,15.35,0.0,31,47600,卖盘
2317,13:01:49,15.36,0.01,326,500732,买盘
2318,13:01:51,15.36,0.0,37,56808,卖盘
2319,13:01:55,15.35,-0.01,81,124368,卖盘
2320,13:01:58,15.35,0.0,47,72145,卖盘
2321,13:02:01,15.36,0.01,43,66038,买盘
2322,13:02:04,15.36,0.0,312,479503,买盘
2323,13:02:07,15.36,0.0,30,46070,买盘
2324,13:02:10,15.36,0.0,15,23035,买盘
2325,13:02:13,15.35,-0.01,6,9210,卖盘
2326,13:02:16,15.36,0.01,96,147456,买盘
2327,13:02:19,15.36,0.0,10,15360,卖盘
2328,13:02:22,15.36,0.0,33,50688,卖盘
2329,13:02:25,15.36,0.0,29,44546,卖盘
2330,13:02:27,15.37,0.01,49,75301,买盘
2331,13:02:30,15.36,-0.01,166,254976,卖盘
2332,13:02:34,15.37,0.01,20,30726,买盘
2333,13:02:37,15.36,-0.01,181,278016,卖盘
2334,13:02:40,15.36,0.0,9,13824,买盘
2335,13:02:43,15.35,-0.01,2,3070,卖盘
2336,13:02:46,15.36,0.01,1,1536,买盘
2337,13:02:48,15.36,0.0,62,95232,买盘
2338,13:02:51,15.37,0.01,365,560746,买盘
2339,13:02:55,15.36,-0.01,31,47593,中性盘
2340,13:02:58,15.35,-0.01,36,55270,卖盘
2341,13:03:01,15.36,0.01,10,15360,买盘
2342,13:03:05,15.36,0.0,5,7677,买盘
2343,13:03:07,15.36,0.0,23,35318,买盘
2344,13:03:10,15.35,-0.01,3,4605,卖盘
2345,13:03:13,15.36,0.01,66,101371,买盘
2346,13:03:16,15.36,0.0,123,188927,买盘
2347,13:03:18,15.36,0.0,2,3072,卖盘
2348,13:03:22,15.36,0.0,11,16896,卖盘
2349,13:03:25,15.36,0.0,104,159754,卖盘
2350,13:03:28,15.36,0.0,32,49167,卖盘
2351,13:03:31,15.36,0.0,46,70656,卖盘
2352,13:03:34,15.37,0.01,98,150527,买盘
2353,13:03:40,15.37,0.0,38,58388,买盘
2354,13:03:43,15.36,-0.01,3,4608,卖盘
2355,13:03:45,15.36,0.0,4,6144,买盘
2356,13:03:49,15.36,0.0,202,310269,买盘
2357,13:03:52,15.36,0.0,49,75264,卖盘
2358,13:03:55,15.37,0.01,82,125984,买盘
2359,13:03:58,15.37,0.0,53,81458,买盘
2360,13:04:01,15.36,-0.01,55,84524,卖盘
2361,13:04:05,15.36,0.0,110,168970,卖盘
2362,13:04:07,15.36,0.0,2,3072,卖盘
2363,13:04:10,15.37,0.01,3,4610,买盘
2364,13:04:13,15.36,-0.01,5,7684,卖盘
2365,13:04:18,15.36,0.0,12,18438,卖盘
2366,13:04:22,15.37,0.01,45,69158,买盘
2367,13:04:25,15.36,-0.01,205,314887,卖盘
2368,13:04:28,15.37,0.01,66,101377,买盘
2369,13:04:31,15.36,-0.01,56,86016,卖盘
2370,13:04:34,15.36,0.0,149,228873,卖盘
2371,13:04:37,15.36,0.0,95,145922,卖盘
2372,13:04:40,15.37,0.01,38,58372,买盘
2373,13:04:43,15.36,-0.01,28,43016,卖盘
2374,13:04:46,15.36,0.0,20,30720,卖盘
2375,13:04:49,15.36,0.0,244,374820,卖盘
2376,13:04:52,15.36,0.0,40,61440,卖盘
2377,13:04:55,15.36,0.0,26,39936,卖盘
2378,13:04:57,15.36,0.0,25,38400,卖盘
2379,13:05:01,15.36,0.0,2005,3081916,卖盘
2380,13:05:05,15.36,0.0,73,112128,卖盘
2381,13:05:07,15.36,0.0,77,118272,卖盘
2382,13:05:10,15.36,0.0,145,222720,卖盘
2383,13:05:13,15.36,0.0,4,6144,卖盘
2384,13:05:16,15.36,0.0,63,96788,卖盘
2385,13:05:19,15.36,0.0,26,39936,卖盘
2386,13:05:22,15.36,0.0,38,58368,卖盘
2387,13:05:25,15.36,0.0,199,305668,卖盘
2388,13:05:28,15.36,0.0,37,56832,卖盘
2389,13:05:31,15.36,0.0,4,6144,买盘
2390,13:05:34,15.36,0.0,9,13824,买盘
2391,13:05:36,15.35,-0.01,90,138150,卖盘
2392,13:05:40,15.36,0.01,643,987043,买盘
2393,13:05:46,15.34,-0.02,22,33748,卖盘
2394,13:05:49,15.35,0.01,10,15350,中性盘
2395,13:05:55,15.34,-0.01,315,483210,卖盘
2396,13:05:58,15.35,0.01,1,1535,买盘
2397,13:06:01,15.34,-0.01,1,1534,卖盘
2398,13:06:05,15.34,0.0,66,101244,卖盘
2399,13:06:07,15.34,0.0,24,36817,卖盘
2400,13:06:10,15.34,0.0,82,125808,卖盘
2401,13:06:13,15.33,-0.01,448,686903,卖盘
2402,13:06:19,15.34,0.01,156,239304,买盘
2403,13:06:22,15.34,0.0,27,41397,买盘
2404,13:06:25,15.34,0.0,1,1534,买盘
2405,13:06:28,15.34,0.0,276,423380,买盘
2406,13:06:31,15.34,0.0,93,142662,卖盘
2407,13:06:34,15.33,-0.01,10,15330,卖盘
2408,13:06:37,15.34,0.01,25,38348,买盘
2409,13:06:42,15.34,0.0,44,67472,买盘
2410,13:06:55,15.35,0.01,877,1345910,买盘
2411,13:06:58,15.34,-0.01,70,107410,卖盘
2412,13:07:01,15.35,0.01,63,96652,中性盘
2413,13:07:05,15.34,-0.01,33,50630,卖盘
2414,13:07:07,15.36,0.02,926,1421880,买盘
2415,13:07:10,15.36,0.0,80,122880,卖盘
2416,13:07:13,15.36,0.0,43,66048,卖盘
2417,13:07:16,15.36,0.0,24,37249,卖盘
2418,13:07:19,15.36,0.0,62,95232,买盘
2419,13:07:22,15.35,-0.01,11,16886,卖盘
2420,13:07:25,15.36,0.01,89,136692,买盘
2421,13:07:28,15.35,-0.01,50,76750,卖盘
2422,13:07:31,15.36,0.01,25,38400,买盘
2423,13:07:34,15.35,-0.01,18,27630,卖盘
2424,13:07:36,15.36,0.01,4,6144,买盘
2425,13:07:43,15.35,-0.01,15,23025,卖盘
2426,13:07:46,15.35,0.0,73,112055,卖盘
2427,13:07:49,15.36,0.01,1,1536,买盘
2428,13:07:52,15.35,-0.01,16,24560,卖盘
2429,13:07:55,15.35,0.0,3031,4659868,卖盘
2430,13:07:58,15.37,0.02,22,33812,买盘
2431,13:08:01,15.38,0.01,720,1107329,买盘
2432,13:08:05,15.39,0.01,1005,1545840,买盘
2433,13:08:07,15.39,0.0,900,1385100,买盘
2434,13:08:10,15.39,0.0,1122,1726758,买盘
2435,13:08:12,15.39,0.0,1117,1719012,买盘
2436,13:08:16,15.4,0.01,725,1116254,买盘
2437,13:08:19,15.39,-0.01,237,364712,中性盘
2438,13:08:22,15.4,0.01,12,18480,买盘
2439,13:08:25,15.4,0.0,612,942449,买盘
2440,13:08:28,15.4,0.0,149,229417,买盘
2441,13:08:31,15.4,0.0,49,75450,买盘
2442,13:08:34,15.4,0.0,1131,1741735,买盘
2443,13:08:37,15.4,0.0,295,454295,买盘
2444,13:08:39,15.39,-0.01,1265,1948094,卖盘
2445,13:08:43,15.4,0.01,42,64679,买盘
2446,13:08:45,15.4,0.0,325,500519,卖盘
2447,13:08:49,15.4,0.0,97,149412,卖盘
2448,13:08:51,15.4,0.0,20,30800,卖盘
2449,13:08:55,15.4,0.0,404,622319,卖盘
2450,13:08:58,15.4,0.0,99,152460,买盘
2451,13:09:01,15.4,0.0,94,144760,买盘
2452,13:09:05,15.4,0.0,123,189380,买盘
2453,13:09:07,15.4,0.0,482,742290,买盘
2454,13:09:10,15.4,0.0,143,220220,卖盘
2455,13:09:13,15.4,0.0,11,16940,卖盘
2456,13:09:16,15.4,0.0,139,214086,卖盘
2457,13:09:19,15.4,0.0,8,12322,卖盘
2458,13:09:21,15.4,0.0,121,186400,卖盘
2459,13:09:25,15.41,0.01,22,33881,买盘
2460,13:09:28,15.4,-0.01,22,33882,卖盘
2461,13:09:31,15.41,0.01,71,109391,买盘
2462,13:09:34,15.4,-0.01,273,420634,卖盘
2463,13:09:37,15.4,0.0,73,112430,卖盘
2464,13:09:40,15.41,0.01,112,172586,买盘
2465,13:09:43,15.41,0.0,158,243478,卖盘
2466,13:09:45,15.41,0.0,27,41607,卖盘
2467,13:09:49,15.41,0.0,292,449982,卖盘
2468,13:09:51,15.42,0.01,103,158741,买盘
2469,13:09:54,15.41,-0.01,11,16961,中性盘
2470,13:09:58,15.41,0.0,17,26197,买盘
2471,13:10:01,15.41,0.0,4,6164,买盘
2472,13:10:05,15.41,0.0,12,18482,买盘
2473,13:10:07,15.41,0.0,30,46230,买盘
2474,13:10:10,15.41,0.0,60,92452,买盘
2475,13:10:13,15.41,0.0,98,151012,买盘
2476,13:10:16,15.41,0.0,24,36968,买盘
2477,13:10:18,15.39,-0.02,471,725272,卖盘
2478,13:10:22,15.4,0.01,10,15400,买盘
2479,13:10:25,15.39,-0.01,1,1539,卖盘
2480,13:10:27,15.39,0.0,78,120057,卖盘
2481,13:10:31,15.39,0.0,156,240084,卖盘
2482,13:10:34,15.39,0.0,43,66177,买盘
2483,13:10:37,15.39,0.0,24,36936,买盘
2484,13:10:39,15.38,-0.01,77,118440,卖盘
2485,13:10:43,15.39,0.01,137,210829,买盘
2486,13:10:46,15.39,0.0,143,220077,买盘
2487,13:10:49,15.38,-0.01,592,910689,卖盘
2488,13:10:52,15.38,0.0,10,15380,买盘
2489,13:10:55,15.38,0.0,125,192188,买盘
2490,13:10:58,15.38,0.0,29,44602,买盘
2491,13:11:01,15.37,-0.01,50,76850,卖盘
2492,13:11:07,15.37,0.0,44,67628,卖盘
2493,13:11:10,15.37,0.0,7,9990,卖盘
2494,13:11:12,15.37,0.0,52,79924,卖盘
2495,13:11:15,15.38,0.01,373,573655,买盘
2496,13:11:19,15.37,-0.01,28,43036,卖盘
2497,13:11:22,15.39,0.02,8,12312,买盘
2498,13:11:25,15.38,-0.01,2,3077,中性盘
2499,13:11:28,15.38,0.0,15,23065,买盘
2500,13:11:31,15.38,0.0,150,230690,买盘
2501,13:11:34,15.38,0.0,73,112274,买盘
2502,13:11:36,15.37,-0.01,105,161385,卖盘
2503,13:11:40,15.38,0.01,122,187621,买盘
2504,13:11:43,15.38,0.0,102,156876,买盘
2505,13:11:46,15.38,0.0,206,316678,卖盘
2506,13:11:49,15.38,0.0,22,33836,买盘
2507,13:11:52,15.38,0.0,15,23061,买盘
2508,13:11:55,15.38,0.0,36,55368,买盘
2509,13:11:58,15.38,0.0,215,330828,买盘
2510,13:12:01,15.37,-0.01,3,4611,卖盘
2511,13:12:04,15.38,0.01,63,96843,买盘
2512,13:12:07,15.37,-0.01,26,39978,卖盘
2513,13:12:13,15.38,0.01,21,32297,买盘
2514,13:12:15,15.38,0.0,1,1538,买盘
2515,13:12:19,15.38,0.0,4,6152,买盘
2516,13:12:22,15.37,-0.01,105,161385,卖盘
2517,13:12:25,15.37,0.0,2019,3108255,卖盘
2518,13:12:31,15.38,0.01,12,18446,买盘
2519,13:12:33,15.37,-0.01,70,107650,卖盘
2520,13:12:37,15.38,0.01,58,89201,买盘
2521,13:12:40,15.37,-0.01,9,13835,卖盘
2522,13:12:43,15.38,0.01,123,189174,买盘
2523,13:12:46,15.39,0.01,85,130713,买盘
2524,13:12:48,15.38,-0.01,22,33848,卖盘
2525,13:12:55,15.39,0.01,5,7695,买盘
2526,13:12:58,15.39,0.0,3,4617,买盘
2527,13:13:01,15.39,0.0,8,12305,买盘
2528,13:13:04,15.39,0.0,25,38475,买盘
2529,13:13:07,15.39,0.0,50,76944,买盘
2530,13:13:10,15.39,0.0,5,7695,买盘
2531,13:13:13,15.38,-0.01,63,96894,卖盘
2532,13:13:16,15.39,0.01,22,33858,买盘
2533,13:13:19,15.39,0.0,79,121521,买盘
2534,13:13:22,15.39,0.0,34,52320,买盘
2535,13:13:25,15.38,-0.01,97,149186,卖盘
2536,13:13:28,15.39,0.01,56,86167,买盘
2537,13:13:31,15.39,0.0,20,30762,买盘
2538,13:13:33,15.38,-0.01,31,47678,卖盘
2539,13:13:37,15.38,0.0,13,19994,卖盘
2540,13:13:39,15.38,0.0,40,61520,卖盘
2541,13:13:43,15.39,0.01,10,15390,买盘
2542,13:13:46,15.38,-0.01,29,44602,卖盘
2543,13:13:49,15.38,0.0,17,26147,卖盘
2544,13:13:52,15.38,0.0,38,58453,卖盘
2545,13:13:55,15.38,0.0,133,204554,卖盘
2546,13:13:58,15.38,0.0,57,87666,买盘
2547,13:14:00,15.38,0.0,99,152262,买盘
2548,13:14:05,15.38,0.0,23,35375,买盘
2549,13:14:07,15.38,0.0,10,15382,卖盘
2550,13:14:10,15.38,0.0,43,66164,卖盘
2551,13:14:13,15.39,0.01,356,547884,买盘
2552,13:14:16,15.39,0.0,91,139996,买盘
2553,13:14:19,15.39,0.0,84,129272,买盘
2554,13:14:22,15.38,-0.01,11,16927,卖盘
2555,13:14:25,15.39,0.01,82,126187,买盘
2556,13:14:28,15.39,0.0,79,121577,买盘
2557,13:14:31,15.38,-0.01,22,33836,卖盘
2558,13:14:33,15.39,0.01,26,39992,买盘
2559,13:14:37,15.38,-0.01,19,29232,买盘
2560,13:14:40,15.37,-0.01,10,15381,卖盘
2561,13:14:43,15.38,0.01,2,3076,卖盘
2562,13:14:46,15.37,-0.01,870,1337191,卖盘
2563,13:14:48,15.37,0.0,50,76850,卖盘
2564,13:14:52,15.37,0.0,146,224419,卖盘
2565,13:14:54,15.37,0.0,6,9222,卖盘
2566,13:14:58,15.37,0.0,20,30740,卖盘
2567,13:15:01,15.37,0.0,51,78390,卖盘
2568,13:15:04,15.38,0.01,50,76859,买盘
2569,13:15:07,15.38,0.0,31,47650,买盘
2570,13:15:09,15.37,-0.01,77,118349,卖盘
2571,13:15:13,15.38,0.01,239,367544,买盘
2572,13:15:15,15.37,-0.01,36,55344,卖盘
2573,13:15:19,15.36,-0.01,131,201318,卖盘
2574,13:15:21,15.38,0.02,26,39982,买盘
2575,13:15:25,15.37,-0.01,4,6148,卖盘
2576,13:15:28,15.36,-0.01,154,236817,卖盘
2577,13:15:34,15.36,0.0,23,35332,卖盘
2578,13:15:37,15.37,0.01,2,3074,买盘
2579,13:15:40,15.38,0.01,134,206049,买盘
2580,13:15:42,15.37,-0.01,44,67621,卖盘
2581,13:15:46,15.37,0.0,16,24592,卖盘
2582,13:15:49,15.37,0.0,41,63017,卖盘
2583,13:15:52,15.37,0.0,13,19981,卖盘
2584,13:15:55,15.37,0.0,1,1537,买盘
2585,13:15:58,15.37,0.0,15,23055,买盘
2586,13:16:01,15.37,0.0,78,119868,买盘
2587,13:16:05,15.36,-0.01,122,187422,卖盘
2588,13:16:07,15.37,0.01,5,7685,买盘
2589,13:16:10,15.37,0.0,6,9217,买盘
2590,13:16:13,15.37,0.0,26,39961,买盘
2591,13:16:16,15.37,0.0,18,27660,买盘
2592,13:16:19,15.37,0.0,77,118329,买盘
2593,13:16:22,15.36,-0.01,21,32270,卖盘
2594,13:16:25,15.36,0.0,20,30720,卖盘
2595,13:16:28,15.37,0.01,14,21518,买盘
2596,13:16:31,15.36,-0.01,1,1536,卖盘
2597,13:16:34,15.36,0.0,11,16896,卖盘
2598,13:16:37,15.36,0.0,20,30720,卖盘
2599,13:16:40,15.36,0.0,43,66073,卖盘
2600,13:16:43,15.35,-0.01,166,254934,卖盘
2601,13:16:45,15.35,0.0,50,76750,卖盘
2602,13:16:52,15.36,0.01,242,371536,买盘
2603,13:16:55,15.36,0.0,19,29170,买盘
2604,13:16:58,15.36,0.0,28,42985,买盘
2605,13:17:00,15.35,-0.01,105,161177,卖盘
2606,13:17:05,15.35,0.0,48,73680,卖盘
2607,13:17:07,15.34,-0.01,142,218708,卖盘
2608,13:17:10,15.35,0.01,72,110520,买盘
2609,13:17:13,15.34,-0.01,3,4603,卖盘
2610,13:17:16,15.35,0.01,207,317607,买盘
2611,13:17:19,15.34,-0.01,89,136526,卖盘
2612,13:17:22,15.34,0.0,69,105846,卖盘
2613,13:17:25,15.34,0.0,5,7670,卖盘
2614,13:17:28,15.34,0.0,12,18410,卖盘
2615,13:17:30,15.34,0.0,64,98176,卖盘
2616,13:17:34,15.34,0.0,201,308334,卖盘
2617,13:17:37,15.35,0.01,19,29165,买盘
2618,13:17:40,15.34,-0.01,161,247005,卖盘
2619,13:17:43,15.35,0.01,136,208692,买盘
2620,13:17:46,15.34,-0.01,36,55224,买盘
2621,13:17:49,15.34,0.0,11,16864,买盘
2622,13:17:52,15.34,0.0,128,196352,买盘
2623,13:17:54,15.33,-0.01,128,196278,卖盘
2624,13:17:58,15.33,0.0,16,24538,卖盘
2625,13:18:01,15.34,0.01,79,121108,中性盘
2626,13:18:05,15.33,-0.01,139,213087,卖盘
2627,13:18:07,15.34,0.01,84,128799,买盘
2628,13:18:10,15.33,-0.01,26,39858,卖盘
2629,13:18:13,15.33,0.0,465,712944,卖盘
2630,13:18:16,15.33,0.0,38,58254,卖盘
2631,13:18:18,15.33,0.0,48,73594,卖盘
2632,13:18:22,15.33,0.0,118,180925,卖盘
2633,13:18:25,15.33,0.0,195,298935,卖盘
2634,13:18:31,15.33,0.0,30,45990,买盘
2635,13:18:34,15.32,-0.01,15,22985,卖盘
2636,13:18:37,15.32,0.0,10,15320,卖盘
2637,13:18:39,15.32,0.0,4,6128,卖盘
