,time,price,change,volume,amount,type
0,09:25:01,15.54,0.1,2091,3249414,买盘
1,09:30:01,15.51,-0.03,630,978868,卖盘
2,09:30:05,15.55,0.04,2160,3357749,买盘
3,09:30:07,15.55,0.0,1491,2319658,卖盘
4,09:30:10,15.54,-0.01,490,761868,卖盘
5,09:30:13,15.54,0.0,122,189590,卖盘
6,09:30:16,15.54,0.0,281,436764,买盘
7,09:30:19,15.54,0.0,116,180244,买盘
8,09:30:22,15.55,0.01,57,88633,买盘
9,09:30:25,15.54,-0.01,268,416915,卖盘
10,09:30:28,15.54,0.0,46,71488,卖盘
11,09:30:31,15.54,0.0,149,231544,卖盘
12,09:30:34,15.55,0.01,167,259575,买盘
13,09:30:37,15.54,-0.01,593,921005,卖盘
14,09:30:40,15.52,-0.02,108,167649,卖盘
15,09:30:43,15.52,0.0,743,1152030,卖盘
16,09:30:46,15.51,-0.01,153,237423,中性盘
17,09:30:49,15.51,0.0,111,172125,买盘
18,09:30:52,15.51,0.0,345,535147,卖盘
19,09:30:55,15.52,0.01,72,111729,买盘
20,09:30:58,15.5,-0.02,318,493291,卖盘
21,09:31:01,15.51,0.01,46,71321,买盘
22,09:31:05,15.51,0.0,233,361297,买盘
23,09:31:07,15.49,-0.02,409,633694,卖盘
24,09:31:10,15.5,0.01,255,395175,买盘
25,09:31:13,15.49,-0.01,81,125529,卖盘
26,09:31:16,15.49,0.0,237,367323,卖盘
27,09:31:19,15.51,0.02,60,92972,买盘
28,09:31:22,15.5,-0.01,520,806181,卖盘
29,09:31:25,15.51,0.01,121,187667,买盘
30,09:31:28,15.53,0.02,237,367804,买盘
31,09:31:30,15.53,0.0,847,1315392,买盘
32,09:31:34,15.53,0.0,119,184922,卖盘
33,09:31:37,15.55,0.02,126,195825,买盘
34,09:31:40,15.55,0.0,171,265847,买盘
35,09:31:43,15.56,0.01,192,298420,买盘
36,09:31:46,15.56,0.0,293,455920,买盘
37,09:31:49,15.56,0.0,38,59153,卖盘
38,09:31:52,15.56,0.0,44,68483,卖盘
39,09:31:55,15.56,0.0,442,688037,卖盘
40,09:31:58,15.57,0.01,106,164988,中性盘
41,09:32:01,15.56,-0.01,340,529221,卖盘
42,09:32:05,15.57,0.01,127,197687,买盘
43,09:32:07,15.57,0.0,143,222606,买盘
44,09:32:10,15.57,0.0,344,535761,买盘
45,09:32:13,15.57,0.0,306,476331,卖盘
46,09:32:16,15.58,0.01,262,407950,买盘
47,09:32:19,15.57,-0.01,487,758341,卖盘
48,09:32:22,15.57,0.0,144,224176,买盘
49,09:32:25,15.57,0.0,78,121438,买盘
50,09:32:28,15.57,0.0,240,373593,买盘
51,09:32:31,15.56,-0.01,208,323647,卖盘
52,09:32:34,15.56,0.0,154,239575,买盘
53,09:32:37,15.56,0.0,114,177384,买盘
54,09:32:40,15.55,-0.01,224,348396,卖盘
55,09:32:43,15.55,0.0,296,460284,卖盘
56,09:32:46,15.55,0.0,25,38879,中性盘
57,09:32:49,15.54,-0.01,82,127479,卖盘
58,09:32:52,15.53,-0.01,199,309169,卖盘
59,09:32:55,15.54,0.01,9,13986,买盘
60,09:32:58,15.54,0.0,163,253228,买盘
61,09:33:01,15.54,0.0,72,111807,买盘
62,09:33:04,15.53,-0.01,8,12424,中性盘
63,09:33:07,15.53,0.0,151,234404,买盘
64,09:33:10,15.52,-0.01,28,43460,卖盘
65,09:33:13,15.52,0.0,321,498358,卖盘
66,09:33:16,15.53,0.01,144,223629,买盘
67,09:33:19,15.5,-0.03,1317,2044267,卖盘
68,09:33:22,15.54,0.04,200,310700,买盘
69,09:33:24,15.54,0.0,34,52836,买盘
70,09:33:27,15.5,-0.04,306,475128,卖盘
71,09:33:31,15.53,0.03,81,125825,买盘
72,09:33:34,15.53,0.0,152,235878,买盘
73,09:33:37,15.52,-0.01,17,26383,买盘
74,09:33:39,15.52,0.0,28,43452,买盘
75,09:33:43,15.52,0.0,85,131910,卖盘
76,09:33:46,15.52,0.0,118,183058,买盘
77,09:33:49,15.52,0.0,39,60515,买盘
78,09:33:52,15.52,0.0,281,436888,买盘
79,09:33:55,15.52,0.0,90,139680,卖盘
80,09:33:58,15.52,0.0,190,294977,卖盘
81,09:34:01,15.52,0.0,122,189344,卖盘
82,09:34:05,15.52,0.0,188,290966,卖盘
83,09:34:07,15.52,0.0,106,164507,买盘
84,09:34:13,15.51,-0.01,139,215674,卖盘
85,09:34:16,15.51,0.0,322,499448,卖盘
86,09:34:19,15.51,0.0,47,72910,卖盘
87,09:34:22,15.51,0.0,69,106999,买盘
88,09:34:25,15.51,0.0,24,37210,买盘
89,09:34:27,15.49,-0.02,477,739332,卖盘
90,09:34:31,15.5,0.01,33,51170,中性盘
91,09:34:34,15.49,-0.01,39,60411,卖盘
92,09:34:37,15.49,0.0,53,82097,卖盘
93,09:34:40,15.49,0.0,82,127018,卖盘
94,09:34:42,15.49,0.0,35,54215,买盘
95,09:34:46,15.49,0.0,26,40249,买盘
96,09:34:48,15.48,-0.01,303,469288,卖盘
97,09:34:52,15.49,0.01,94,145572,卖盘
98,09:34:55,15.49,0.0,83,128614,卖盘
99,09:34:58,15.51,0.02,635,984314,买盘
100,09:35:01,15.5,-0.01,80,124000,卖盘
101,09:35:04,15.5,0.0,75,116276,卖盘
102,09:35:07,15.49,-0.01,179,277410,卖盘
103,09:35:10,15.49,0.0,224,347084,卖盘
104,09:35:13,15.49,0.0,27,41823,买盘
105,09:35:16,15.49,0.0,61,94458,买盘
106,09:35:19,15.49,0.0,110,170296,买盘
107,09:35:22,15.49,0.0,136,210675,买盘
108,09:35:25,15.5,0.01,30,46476,买盘
109,09:35:28,15.49,-0.01,67,103812,卖盘
110,09:35:31,15.49,0.0,136,210686,卖盘
111,09:35:33,15.49,0.0,391,605707,卖盘
112,09:35:37,15.49,0.0,13,20137,买盘
113,09:35:40,15.48,-0.01,183,283455,卖盘
114,09:35:43,15.47,-0.01,187,289495,卖盘
115,09:35:46,15.48,0.01,93,143964,买盘
116,09:35:49,15.48,0.0,332,513876,买盘
117,09:35:52,15.48,0.0,269,416214,买盘
118,09:35:55,15.48,0.0,262,405571,买盘
119,09:35:58,15.49,0.01,285,441406,买盘
120,09:36:01,15.48,-0.01,129,199695,卖盘
121,09:36:04,15.48,0.0,108,167195,卖盘
122,09:36:07,15.5,0.02,335,518675,买盘
123,09:36:10,15.5,0.0,564,872986,买盘
124,09:36:13,15.5,0.0,103,159611,买盘
125,09:36:16,15.49,-0.01,27,41841,卖盘
126,09:36:19,15.48,-0.01,142,219983,卖盘
127,09:36:22,15.48,0.0,63,97567,卖盘
128,09:36:25,15.49,0.01,363,562465,买盘
129,09:36:28,15.5,0.01,143,222828,买盘
130,09:36:31,15.5,0.0,45,69750,买盘
131,09:36:34,15.5,0.0,618,957252,卖盘
132,09:36:37,15.5,0.0,611,948614,卖盘
133,09:36:40,15.52,0.02,136,210403,买盘
134,09:36:43,15.52,0.0,59,91559,买盘
135,09:36:46,15.5,-0.02,199,308766,卖盘
136,09:36:49,15.52,0.02,146,226520,买盘
137,09:36:52,15.52,0.0,45,69780,买盘
138,09:36:55,15.51,-0.01,185,287100,中性盘
139,09:36:58,15.51,0.0,198,306933,买盘
140,09:37:00,15.51,0.0,99,153469,买盘
141,09:37:05,15.51,0.0,125,193874,卖盘
142,09:37:07,15.52,0.01,240,372534,买盘
143,09:37:10,15.52,0.0,109,169119,买盘
144,09:37:13,15.51,-0.01,152,235832,中性盘
145,09:37:16,15.51,0.0,466,722268,买盘
146,09:37:19,15.5,-0.01,320,495933,中性盘
147,09:37:22,15.48,-0.02,88,136368,卖盘
148,09:37:25,15.48,0.0,419,648616,卖盘
149,09:37:28,15.47,-0.01,66,102213,卖盘
150,09:37:31,15.47,0.0,48,74302,卖盘
151,09:37:34,15.47,0.0,170,263062,卖盘
152,09:37:37,15.47,0.0,34,52600,卖盘
153,09:37:40,15.48,0.01,99,153177,买盘
154,09:37:43,15.47,-0.01,186,287783,卖盘
155,09:37:45,15.47,0.0,197,304773,卖盘
156,09:37:49,15.47,0.0,256,396031,买盘
157,09:37:52,15.47,0.0,269,416014,买盘
158,09:37:54,15.46,-0.01,722,1116217,卖盘
159,09:37:58,15.46,0.0,964,1490390,买盘
160,09:38:01,15.46,0.0,797,1231431,买盘
161,09:38:05,15.46,0.0,161,248866,买盘
162,09:38:07,15.46,0.0,39,60272,卖盘
163,09:38:10,15.45,-0.01,704,1087696,卖盘
164,09:38:13,15.44,-0.01,130,200763,卖盘
165,09:38:16,15.45,0.01,230,355346,买盘
166,09:38:19,15.45,0.0,61,94189,买盘
167,09:38:22,15.44,-0.01,240,370560,卖盘
168,09:38:25,15.44,0.0,85,131238,买盘
169,09:38:28,15.43,-0.01,78,120370,卖盘
170,09:38:31,15.42,-0.01,377,581607,卖盘
171,09:38:34,15.43,0.01,37,57081,中性盘
172,09:38:37,15.42,-0.01,288,444484,卖盘
173,09:38:40,15.42,0.0,126,194373,卖盘
174,09:38:43,15.44,0.02,204,314599,买盘
175,09:38:46,15.42,-0.02,40,61680,卖盘
176,09:38:49,15.43,0.01,123,189682,买盘
177,09:38:52,15.42,-0.01,21,32383,卖盘
178,09:38:55,15.42,0.0,24,37018,卖盘
179,09:38:57,15.42,0.0,199,306858,卖盘
180,09:39:01,15.42,0.0,470,724858,卖盘
181,09:39:05,15.42,0.0,582,897559,卖盘
182,09:39:07,15.42,0.0,122,188124,买盘
183,09:39:10,15.42,0.0,59,90930,买盘
184,09:39:13,15.42,0.0,139,214210,买盘
185,09:39:16,15.41,-0.01,162,249762,卖盘
186,09:39:19,15.41,0.0,151,232718,卖盘
187,09:39:22,15.41,0.0,352,542510,卖盘
188,09:39:25,15.41,0.0,707,1089560,卖盘
189,09:39:28,15.43,0.02,29,44701,买盘
190,09:39:31,15.43,0.0,48,74023,买盘
191,09:39:34,15.42,-0.01,42,64782,卖盘
192,09:39:37,15.43,0.01,33,50919,卖盘
193,09:39:40,15.43,0.0,240,370800,卖盘
194,09:39:43,15.43,0.0,62,95700,卖盘
195,09:39:46,15.43,0.0,188,289590,卖盘
196,09:39:49,15.43,0.0,289,446438,买盘
197,09:39:52,15.43,0.0,264,406980,卖盘
198,09:39:55,15.42,-0.01,12,18516,卖盘
199,09:39:57,15.44,0.02,69,106505,买盘
200,09:40:01,15.45,0.01,27,42179,买盘
201,09:40:05,15.44,-0.01,86,132723,中性盘
202,09:40:07,15.45,0.01,327,505153,买盘
203,09:40:10,15.45,0.0,32,49440,卖盘
204,09:40:13,15.46,0.01,76,117094,买盘
205,09:40:16,15.46,0.0,50,77303,卖盘
206,09:40:19,15.46,0.0,554,856577,卖盘
207,09:40:21,15.44,-0.02,23,35527,卖盘
208,09:40:25,15.45,0.01,22,33990,买盘
209,09:40:28,15.45,0.0,159,245655,买盘
210,09:40:31,15.45,0.0,43,66443,卖盘
211,09:40:34,15.45,0.0,70,108150,卖盘
212,09:40:37,15.46,0.01,27,41740,买盘
213,09:40:40,15.45,-0.01,112,173040,卖盘
214,09:40:42,15.44,-0.01,1514,2337710,卖盘
215,09:40:46,15.44,0.0,232,358186,买盘
216,09:40:49,15.43,-0.01,401,618258,卖盘
217,09:40:52,15.43,0.0,11,16973,买盘
218,09:40:55,15.43,0.0,389,599975,买盘
219,09:40:58,15.42,-0.01,337,519659,卖盘
220,09:41:01,15.42,0.0,103,158864,卖盘
221,09:41:05,15.42,0.0,292,450419,卖盘
222,09:41:07,15.44,0.02,315,485887,买盘
223,09:41:10,15.44,0.0,47,72480,买盘
224,09:41:13,15.43,-0.01,75,115672,买盘
225,09:41:16,15.43,0.0,38,58634,卖盘
226,09:41:19,15.43,0.0,64,98768,卖盘
227,09:41:22,15.44,0.01,35,54027,买盘
228,09:41:25,15.43,-0.01,185,285524,卖盘
229,09:41:28,15.43,0.0,30,46290,卖盘
230,09:41:31,15.43,0.0,270,416710,卖盘
231,09:41:34,15.44,0.01,277,428064,买盘
232,09:41:37,15.45,0.01,145,223988,买盘
233,09:41:40,15.45,0.0,59,91191,买盘
234,09:41:43,15.45,0.0,11,16995,卖盘
235,09:41:46,15.46,0.01,123,190090,买盘
236,09:41:49,15.45,-0.01,35,54602,卖盘
237,09:41:52,15.46,0.01,7,10822,卖盘
238,09:41:55,15.46,0.0,37,57198,卖盘
239,09:41:58,15.46,0.0,35,54130,卖盘
240,09:42:01,15.46,0.0,117,180882,买盘
241,09:42:05,15.47,0.01,142,219564,买盘
242,09:42:07,15.46,-0.01,6,9276,卖盘
243,09:42:10,15.47,0.01,4,6187,买盘
244,09:42:13,15.46,-0.01,137,211913,卖盘
245,09:42:15,15.47,0.01,217,335689,买盘
246,09:42:19,15.47,0.0,412,637286,卖盘
247,09:42:22,15.47,0.0,210,325015,卖盘
248,09:42:25,15.48,0.01,75,116090,买盘
249,09:42:28,15.47,-0.01,68,105276,卖盘
250,09:42:31,15.48,0.01,66,102204,中性盘
251,09:42:34,15.47,-0.01,34,52616,卖盘
252,09:42:37,15.48,0.01,74,114503,买盘
253,09:42:40,15.47,-0.01,43,66524,卖盘
254,09:42:43,15.48,0.01,27,41796,买盘
255,09:42:46,15.48,0.0,4,6192,买盘
256,09:42:49,15.48,0.0,166,256927,买盘
257,09:42:52,15.48,0.0,110,170256,买盘
258,09:42:55,15.48,0.0,170,263160,买盘
259,09:42:58,15.48,0.0,111,171928,卖盘
260,09:43:01,15.49,0.01,28,43353,买盘
261,09:43:05,15.48,-0.01,44,68140,卖盘
262,09:43:06,15.49,0.01,347,537833,买盘
263,09:43:10,15.49,0.0,99,153351,买盘
264,09:43:13,15.48,-0.01,129,199703,卖盘
265,09:43:16,15.47,-0.01,26,40236,卖盘
266,09:43:19,15.47,0.0,44,68109,卖盘
267,09:43:21,15.48,0.01,52,80496,买盘
268,09:43:25,15.47,-0.01,37,57255,卖盘
269,09:43:28,15.47,0.0,131,202684,卖盘
270,09:43:31,15.47,0.0,140,216627,卖盘
271,09:43:34,15.48,0.01,337,521187,买盘
272,09:43:37,15.48,0.0,169,261562,买盘
273,09:43:40,15.48,0.0,187,289276,买盘
274,09:43:43,15.46,-0.02,8,12380,卖盘
275,09:43:46,15.47,0.01,100,154640,买盘
276,09:43:48,15.46,-0.01,125,193266,卖盘
277,09:43:52,15.47,0.01,68,105193,买盘
278,09:43:55,15.46,-0.01,76,117549,卖盘
279,09:43:58,15.47,0.01,68,105153,买盘
280,09:44:01,15.47,0.0,29,44855,买盘
281,09:44:05,15.46,-0.01,1,1546,卖盘
282,09:44:07,15.46,0.0,108,166968,卖盘
283,09:44:10,15.47,0.01,270,417640,买盘
284,09:44:13,15.47,0.0,49,75803,买盘
285,09:44:16,15.47,0.0,50,77350,买盘
286,09:44:19,15.46,-0.01,146,225782,卖盘
287,09:44:21,15.47,0.01,135,208821,买盘
288,09:44:25,15.47,0.0,13,20111,买盘
289,09:44:28,15.47,0.0,39,60332,买盘
290,09:44:30,15.47,0.0,1,1547,买盘
291,09:44:34,15.46,-0.01,17,26295,卖盘
292,09:44:37,15.47,0.01,168,259869,买盘
293,09:44:40,15.46,-0.01,50,77309,卖盘
294,09:44:43,15.46,0.0,157,242802,卖盘
295,09:44:46,15.47,0.01,36,55692,买盘
296,09:44:49,15.47,0.0,41,63427,卖盘
297,09:44:52,15.47,0.0,43,66521,卖盘
298,09:44:55,15.48,0.01,376,581594,买盘
299,09:44:58,15.47,-0.01,26,40222,卖盘
300,09:45:01,15.47,0.0,18,27846,买盘
301,09:45:04,15.47,0.0,138,213483,买盘
302,09:45:07,15.47,0.0,215,332586,买盘
303,09:45:10,15.47,0.0,4,6188,卖盘
304,09:45:13,15.47,0.0,457,707425,卖盘
305,09:45:16,15.48,0.01,222,343328,中性盘
306,09:45:19,15.47,-0.01,159,245883,卖盘
307,09:45:22,15.47,0.0,31,47947,买盘
308,09:45:25,15.47,0.0,34,52598,买盘
309,09:45:28,15.48,0.01,88,136201,买盘
310,09:45:31,15.49,0.01,53,82048,买盘
311,09:45:34,15.48,-0.01,201,311147,卖盘
312,09:45:37,15.49,0.01,71,109979,买盘
313,09:45:40,15.49,0.0,189,292658,买盘
314,09:45:43,15.48,-0.01,128,198162,卖盘
315,09:45:46,15.49,0.01,240,371607,买盘
316,09:45:49,15.48,-0.01,87,134726,中性盘
317,09:45:52,15.48,0.0,29,44892,卖盘
318,09:45:55,15.49,0.01,45,69673,买盘
319,09:45:58,15.49,0.0,191,295808,买盘
320,09:46:01,15.48,-0.01,78,120771,卖盘
321,09:46:05,15.48,0.0,142,219932,卖盘
322,09:46:07,15.48,0.0,20,30961,卖盘
323,09:46:10,15.48,0.0,257,398016,卖盘
324,09:46:13,15.49,0.01,115,178135,买盘
325,09:46:16,15.49,0.0,29,44921,卖盘
326,09:46:19,15.49,0.0,87,134763,卖盘
327,09:46:22,15.49,0.0,265,410485,卖盘
328,09:46:25,15.49,0.0,27,41828,卖盘
329,09:46:28,15.49,0.0,396,613407,卖盘
330,09:46:31,15.5,0.01,334,517421,买盘
331,09:46:34,15.48,-0.02,33,51148,卖盘
332,09:46:37,15.49,0.01,106,164189,买盘
333,09:46:40,15.49,0.0,32,49566,买盘
334,09:46:43,15.48,-0.01,22,34056,卖盘
335,09:46:46,15.49,0.01,26,40272,买盘
336,09:46:49,15.49,0.0,56,86704,买盘
337,09:46:52,15.48,-0.01,38,58826,卖盘
338,09:46:55,15.49,0.01,139,215201,买盘
339,09:46:58,15.49,0.0,38,58849,买盘
340,09:47:01,15.49,0.0,33,51117,买盘
341,09:47:05,15.48,-0.01,83,128484,卖盘
342,09:47:07,15.48,0.0,27,41796,卖盘
343,09:47:10,15.48,0.0,109,168739,卖盘
344,09:47:13,15.48,0.0,11,17033,卖盘
345,09:47:15,15.48,0.0,54,83604,卖盘
346,09:47:19,15.48,0.0,130,201242,卖盘
347,09:47:22,15.48,0.0,60,92880,买盘
348,09:47:25,15.48,0.0,7,10836,买盘
349,09:47:28,15.47,-0.01,263,406861,卖盘
350,09:47:31,15.46,-0.01,30,45628,卖盘
351,09:47:34,15.47,0.01,42,64974,买盘
352,09:47:37,15.47,0.0,188,290657,买盘
353,09:47:40,15.45,-0.02,237,366498,卖盘
354,09:47:43,15.45,0.0,7,10815,卖盘
355,09:47:45,15.45,0.0,261,403589,卖盘
356,09:47:49,15.45,0.0,154,238098,卖盘
357,09:47:51,15.46,0.01,12,18545,中性盘
358,09:47:55,15.45,-0.01,166,256470,卖盘
359,09:47:58,15.47,0.02,1,1547,买盘
360,09:48:01,15.46,-0.01,116,179392,中性盘
361,09:48:05,15.45,-0.01,35,54075,卖盘
362,09:48:07,15.45,0.0,171,264351,卖盘
363,09:48:10,15.46,0.01,30,46355,中性盘
364,09:48:13,15.47,0.01,137,211681,买盘
365,09:48:16,15.46,-0.01,78,120588,卖盘
366,09:48:19,15.47,0.01,188,290578,买盘
367,09:48:21,15.46,-0.01,24,37104,中性盘
368,09:48:25,15.46,0.0,325,502120,买盘
369,09:48:28,15.45,-0.01,66,102765,卖盘
370,09:48:31,15.45,0.0,20,30900,买盘
371,09:48:34,15.44,-0.01,51,78744,卖盘
372,09:48:37,15.43,-0.01,1133,1748881,卖盘
373,09:48:40,15.44,0.01,5,7720,买盘
374,09:48:43,15.43,-0.01,73,112639,卖盘
375,09:48:46,15.44,0.01,155,239287,买盘
376,09:48:49,15.44,0.0,160,246905,买盘
377,09:48:52,15.44,0.0,107,165208,买盘
378,09:48:55,15.43,-0.01,323,498637,卖盘
379,09:48:57,15.44,0.01,128,197676,中性盘
380,09:49:01,15.44,0.0,137,211428,买盘
381,09:49:05,15.43,-0.01,61,94181,卖盘
382,09:49:07,15.43,0.0,298,459844,卖盘
383,09:49:10,15.44,0.01,100,154314,买盘
384,09:49:13,15.43,-0.01,159,245336,卖盘
385,09:49:15,15.43,0.0,70,108010,买盘
386,09:49:19,15.43,0.0,154,237592,买盘
387,09:49:22,15.42,-0.01,73,112578,卖盘
388,09:49:25,15.43,0.01,7,10801,卖盘
389,09:49:28,15.43,0.0,142,219216,卖盘
390,09:49:31,15.43,0.0,15,23145,卖盘
391,09:49:34,15.43,0.0,119,183617,卖盘
392,09:49:37,15.43,0.0,112,172809,卖盘
393,09:49:40,15.42,-0.01,90,138849,卖盘
394,09:49:43,15.44,0.02,21,32407,买盘
395,09:49:46,15.43,-0.01,54,83293,买盘
396,09:49:49,15.43,0.0,6,9258,卖盘
397,09:49:52,15.43,0.0,32,49376,卖盘
398,09:49:55,15.43,0.0,110,169703,卖盘
399,09:49:57,15.44,0.01,58,89498,买盘
400,09:50:01,15.44,0.0,272,419954,买盘
401,09:50:05,15.44,0.0,23,35505,买盘
402,09:50:07,15.45,0.01,430,663574,买盘
403,09:50:10,15.45,0.0,48,74172,卖盘
404,09:50:13,15.45,0.0,10,15450,卖盘
405,09:50:19,15.45,0.0,195,302150,卖盘
406,09:50:22,15.44,-0.01,24,37076,卖盘
407,09:50:25,15.45,0.01,57,88042,买盘
408,09:50:28,15.45,0.0,17,25491,买盘
409,09:50:31,15.45,0.0,9,13900,卖盘
410,09:50:34,15.45,0.0,116,179219,卖盘
411,09:50:37,15.44,-0.01,328,507256,卖盘
412,09:50:40,15.44,0.0,73,112728,买盘
413,09:50:43,15.44,0.0,160,247145,买盘
414,09:50:49,15.44,0.0,51,78760,卖盘
415,09:50:52,15.45,0.01,84,129765,买盘
416,09:50:55,15.44,-0.01,7,10808,卖盘
417,09:50:58,15.45,0.01,63,97273,买盘
418,09:51:01,15.45,0.0,503,777135,买盘
419,09:51:05,15.44,-0.01,89,137418,卖盘
420,09:51:07,15.44,0.0,13,20073,卖盘
421,09:51:09,15.44,0.0,1054,1626714,卖盘
422,09:51:13,15.44,0.0,64,98765,卖盘
423,09:51:16,15.44,0.0,42,64846,中性盘
424,09:51:19,15.44,0.0,51,78744,买盘
425,09:51:22,15.43,-0.01,345,532042,卖盘
426,09:51:25,15.44,0.01,283,436905,买盘
427,09:51:28,15.43,-0.01,87,134537,卖盘
428,09:51:31,15.43,0.0,54,83320,买盘
429,09:51:34,15.43,0.0,30,46281,买盘
430,09:51:37,15.43,0.0,485,748227,买盘
431,09:51:40,15.43,0.0,393,606108,卖盘
432,09:51:43,15.43,0.0,73,112614,卖盘
433,09:51:46,15.42,-0.01,14,21588,卖盘
434,09:51:49,15.42,0.0,1052,1622188,卖盘
435,09:51:52,15.42,0.0,299,461059,卖盘
436,09:51:55,15.43,0.01,108,166561,买盘
437,09:51:58,15.42,-0.01,94,144958,卖盘
438,09:52:01,15.42,0.0,6,9254,卖盘
439,09:52:05,15.42,0.0,106,163452,卖盘
440,09:52:07,15.42,0.0,38,58609,买盘
441,09:52:10,15.42,0.0,7,10794,买盘
442,09:52:13,15.42,0.0,255,393054,买盘
443,09:52:16,15.42,0.0,71,109491,卖盘
444,09:52:19,15.42,0.0,112,172744,卖盘
445,09:52:22,15.42,0.0,86,132596,卖盘
446,09:52:25,15.42,0.0,131,202002,买盘
447,09:52:28,15.42,0.0,205,316110,买盘
448,09:52:31,15.42,0.0,53,81691,买盘
449,09:52:34,15.41,-0.01,70,107913,卖盘
450,09:52:37,15.41,0.0,309,476197,卖盘
451,09:52:40,15.42,0.01,204,313683,买盘
452,09:52:43,15.41,-0.01,118,181888,卖盘
453,09:52:46,15.41,0.0,115,177229,卖盘
454,09:52:49,15.42,0.01,30,46239,买盘
455,09:52:52,15.41,-0.01,468,721191,卖盘
456,09:52:55,15.41,0.0,107,165724,卖盘
457,09:52:58,15.41,0.0,111,171051,卖盘
458,09:53:01,15.41,0.0,187,288195,卖盘
459,09:53:05,15.41,0.0,41,63181,卖盘
460,09:53:07,15.41,0.0,93,143313,卖盘
461,09:53:10,15.41,0.0,202,311282,卖盘
462,09:53:13,15.41,0.0,67,103249,卖盘
463,09:53:16,15.41,0.0,138,212661,卖盘
464,09:53:19,15.41,0.0,188,288444,卖盘
465,09:53:22,15.41,0.0,47,72423,买盘
466,09:53:25,15.41,0.0,20,30820,买盘
467,09:53:28,15.4,-0.01,83,127820,卖盘
468,09:53:31,15.41,0.01,608,936332,买盘
469,09:53:34,15.4,-0.01,261,402048,卖盘
470,09:53:37,15.4,0.0,280,431210,卖盘
471,09:53:43,15.4,0.0,42,64655,买盘
472,09:53:46,15.4,0.0,189,290903,买盘
473,09:53:49,15.4,0.0,48,73875,买盘
474,09:53:52,15.39,-0.01,489,752227,卖盘
475,09:53:55,15.39,0.0,22,33856,中性盘
476,09:53:58,15.39,0.0,18,27685,买盘
477,09:54:01,15.38,-0.01,81,124578,卖盘
478,09:54:04,15.38,0.0,351,539848,卖盘
479,09:54:07,15.38,0.0,287,441350,卖盘
480,09:54:10,15.38,0.0,163,250562,买盘
481,09:54:13,15.38,0.0,230,353571,买盘
482,09:54:16,15.37,-0.01,254,390155,中性盘
483,09:54:19,15.36,-0.01,506,777216,卖盘
484,09:54:22,15.36,0.0,130,199576,买盘
485,09:54:25,15.35,-0.01,104,159697,卖盘
486,09:54:28,15.35,0.0,192,294743,卖盘
487,09:54:31,15.35,0.0,199,305452,卖盘
488,09:54:34,15.33,-0.02,277,424880,卖盘
489,09:54:37,15.34,0.01,205,314444,买盘
490,09:54:40,15.34,0.0,335,513730,买盘
491,09:54:43,15.33,-0.01,146,223859,卖盘
492,09:54:46,15.34,0.01,187,286884,买盘
493,09:54:49,15.34,0.0,139,213148,卖盘
494,09:54:52,15.34,0.0,99,151866,买盘
495,09:54:55,15.33,-0.01,316,484462,卖盘
496,09:54:58,15.34,0.01,94,144136,买盘
497,09:55:01,15.34,0.0,344,527845,卖盘
498,09:55:05,15.34,0.0,269,413309,卖盘
499,09:55:07,15.36,0.02,712,1092843,买盘
500,09:55:10,15.34,-0.02,1223,1876561,卖盘
501,09:55:12,15.37,0.03,127,195054,买盘
502,09:55:16,15.35,-0.02,221,339265,买盘
503,09:55:19,15.36,0.01,77,117974,买盘
504,09:55:22,15.36,0.0,109,167520,买盘
505,09:55:24,15.37,0.01,1811,2786800,中性盘
506,09:55:28,15.41,0.04,21,32017,卖盘
507,09:55:31,15.43,0.02,380,586389,买盘
508,09:55:34,15.41,-0.02,85,131064,卖盘
509,09:55:37,15.41,0.0,126,194298,卖盘
510,09:55:40,15.41,0.0,5,7705,卖盘
511,09:55:43,15.43,0.02,9,13871,买盘
512,09:55:46,15.41,-0.02,24,37004,卖盘
513,09:55:49,15.41,0.0,48,73997,卖盘
514,09:55:51,15.41,0.0,51,78622,卖盘
515,09:55:55,15.43,0.02,56,86309,买盘
516,09:55:58,15.41,-0.02,31,47771,卖盘
517,09:56:01,15.41,0.0,70,107917,卖盘
518,09:56:05,15.42,0.01,15,23129,中性盘
519,09:56:07,15.41,-0.01,85,130985,卖盘
520,09:56:10,15.41,0.0,112,172618,卖盘
521,09:56:13,15.4,-0.01,133,204793,卖盘
522,09:56:19,15.41,0.01,115,177126,买盘
523,09:56:21,15.4,-0.01,25,38485,中性盘
524,09:56:25,15.39,-0.01,43,66214,卖盘
525,09:56:30,15.39,0.0,95,146205,卖盘
526,09:56:34,15.39,0.0,62,95451,卖盘
527,09:56:37,15.39,0.0,110,169311,卖盘
528,09:56:40,15.39,0.0,30,46170,买盘
529,09:56:43,15.39,0.0,87,133857,买盘
530,09:56:46,15.38,-0.01,21,32317,卖盘
531,09:56:49,15.38,0.0,68,104599,卖盘
532,09:56:52,15.39,0.01,221,340098,买盘
533,09:56:55,15.38,-0.01,11,16918,卖盘
534,09:56:58,15.38,0.0,2,3076,卖盘
535,09:57:01,15.37,-0.01,244,375554,卖盘
536,09:57:05,15.38,0.01,2,3076,买盘
537,09:57:07,15.38,0.0,149,229162,买盘
538,09:57:10,15.37,-0.01,107,164465,卖盘
539,09:57:13,15.38,0.01,51,78420,买盘
540,09:57:16,15.37,-0.01,23,35059,卖盘
541,09:57:19,15.37,0.0,631,969474,卖盘
542,09:57:22,15.37,0.0,40,61480,买盘
543,09:57:25,15.37,0.0,79,121411,买盘
544,09:57:28,15.37,0.0,147,225934,买盘
545,09:57:31,15.36,-0.01,271,416387,卖盘
546,09:57:34,15.36,0.0,97,149058,卖盘
547,09:57:37,15.35,-0.01,128,196593,卖盘
548,09:57:40,15.37,0.02,76,116793,买盘
549,09:57:43,15.38,0.01,58,89198,买盘
550,09:57:46,15.37,-0.01,28,43036,卖盘
551,09:57:48,15.37,0.0,62,95306,卖盘
552,09:57:52,15.37,0.0,185,284345,卖盘
553,09:57:55,15.38,0.01,3,4614,买盘
554,09:57:58,15.37,-0.01,34,52258,卖盘
555,09:58:01,15.37,0.0,7,10759,卖盘
556,09:58:05,15.37,0.0,21,32277,卖盘
557,09:58:07,15.37,0.0,70,107590,买盘
558,09:58:10,15.37,0.0,177,272039,买盘
559,09:58:13,15.37,0.0,27,41499,卖盘
560,09:58:16,15.37,0.0,27,41499,卖盘
561,09:58:19,15.38,0.01,318,488851,买盘
562,09:58:22,15.37,-0.01,5,7685,卖盘
563,09:58:24,15.38,0.01,21,32282,买盘
564,09:58:28,15.37,-0.01,24,36896,卖盘
565,09:58:31,15.37,0.0,17,26129,卖盘
566,09:58:34,15.37,0.0,15,23055,卖盘
567,09:58:37,15.37,0.0,205,315283,卖盘
568,09:58:39,15.37,0.0,226,347363,卖盘
569,09:58:43,15.37,0.0,30,46098,买盘
570,09:58:46,15.36,-0.01,212,325828,卖盘
571,09:58:52,15.37,0.01,757,1162731,买盘
572,09:58:57,15.36,-0.01,31,47606,买盘
573,09:59:00,15.36,0.0,1,1536,买盘
574,09:59:04,15.35,-0.01,205,314865,卖盘
575,09:59:07,15.35,0.0,421,646347,卖盘
576,09:59:10,15.35,0.0,2223,3408972,卖盘
577,09:59:13,15.35,0.0,290,445219,买盘
578,09:59:16,15.35,0.0,34,52220,中性盘
579,09:59:18,15.35,0.0,180,276178,卖盘
580,09:59:22,15.35,0.0,37,56721,买盘
581,09:59:25,15.35,0.0,53,81337,买盘
582,09:59:28,15.35,0.0,69,105915,买盘
583,09:59:31,15.34,-0.01,114,174967,卖盘
584,09:59:34,15.34,0.0,339,520277,卖盘
585,09:59:37,15.35,0.01,72,110576,卖盘
586,09:59:40,15.35,0.0,126,193434,卖盘
587,09:59:43,15.35,0.0,90,138153,卖盘
588,09:59:46,15.35,0.0,176,270248,卖盘
589,09:59:48,15.35,0.0,8,12280,卖盘
590,09:59:52,15.34,-0.01,22,33768,卖盘
591,09:59:55,15.36,0.02,118,181185,买盘
592,09:59:58,15.36,0.0,36,55296,卖盘
593,10:00:01,15.36,0.0,119,182784,卖盘
594,10:00:05,15.36,0.0,179,275040,卖盘
595,10:00:06,15.36,0.0,69,105996,卖盘
596,10:00:10,15.36,0.0,23,35328,卖盘
597,10:00:13,15.35,-0.01,106,162716,卖盘
598,10:00:16,15.36,0.01,41,62961,买盘
599,10:00:19,15.35,-0.01,132,202623,卖盘
600,10:00:22,15.34,-0.01,128,196470,卖盘
601,10:00:27,15.34,0.0,56,85904,卖盘
602,10:00:30,15.36,0.02,366,561762,买盘
603,10:00:34,15.34,-0.02,10,15340,卖盘
604,10:00:37,15.35,0.01,35,53725,中性盘
605,10:00:40,15.35,0.0,123,188796,卖盘
606,10:00:43,15.34,-0.01,86,131971,卖盘
607,10:00:46,15.34,0.0,222,340548,卖盘
608,10:00:49,15.35,0.01,10,15342,买盘
609,10:00:52,15.33,-0.02,222,340555,卖盘
610,10:00:55,15.34,0.01,6,9204,买盘
611,10:00:57,15.34,0.0,5,7670,买盘
612,10:01:01,15.33,-0.01,88,134905,卖盘
613,10:01:05,15.34,0.01,114,174871,买盘
614,10:01:07,15.34,0.0,139,213142,买盘
615,10:01:10,15.33,-0.01,620,950482,卖盘
616,10:01:13,15.32,-0.01,301,461332,卖盘
617,10:01:15,15.32,0.0,58,88876,卖盘
618,10:01:19,15.33,0.01,2425,3713802,买盘
619,10:01:22,15.32,-0.01,46,70454,买盘
620,10:01:25,15.32,0.0,412,630374,买盘
621,10:01:27,15.3,-0.02,1555,2379254,卖盘
622,10:01:31,15.29,-0.01,89,136161,卖盘
623,10:01:34,15.29,0.0,31,47414,卖盘
624,10:01:37,15.3,0.01,494,755312,买盘
625,10:01:39,15.3,0.0,206,315016,买盘
626,10:01:43,15.29,-0.01,118,180422,买盘
627,10:01:46,15.28,-0.01,173,264503,卖盘
628,10:01:48,15.3,0.02,130,198788,买盘
629,10:01:52,15.3,0.0,830,1269908,买盘
630,10:01:54,15.3,0.0,81,123930,卖盘
631,10:01:58,15.3,0.0,235,359550,卖盘
632,10:02:01,15.3,0.0,198,303113,卖盘
633,10:02:04,15.3,0.0,82,125522,卖盘
634,10:02:07,15.3,0.0,108,165334,卖盘
635,10:02:09,15.3,0.0,509,778860,卖盘
636,10:02:13,15.31,0.01,46,70412,买盘
637,10:02:16,15.31,0.0,94,143880,买盘
638,10:02:19,15.31,0.0,18,27558,买盘
639,10:02:22,15.31,0.0,110,168336,买盘
640,10:02:25,15.31,0.0,65,99535,买盘
641,10:02:28,15.31,0.0,215,329165,卖盘
642,10:02:31,15.33,0.02,182,278730,买盘
643,10:02:34,15.32,-0.01,57,87311,卖盘
644,10:02:37,15.32,0.0,69,105708,卖盘
645,10:02:40,15.33,0.01,76,116485,买盘
646,10:02:43,15.32,-0.01,28,42898,卖盘
647,10:02:46,15.33,0.01,101,154833,中性盘
648,10:02:48,15.33,0.0,265,406190,买盘
649,10:02:52,15.32,-0.01,80,122619,卖盘
650,10:02:55,15.33,0.01,81,124141,买盘
651,10:02:57,15.32,-0.01,54,82735,卖盘
652,10:03:01,15.32,0.0,103,157808,卖盘
653,10:03:04,15.32,0.0,21,32177,卖盘
654,10:03:07,15.31,-0.01,119,182226,卖盘
655,10:03:10,15.31,0.0,442,676774,卖盘
656,10:03:13,15.31,0.0,61,93401,买盘
657,10:03:16,15.31,0.0,71,108743,买盘
658,10:03:19,15.31,0.0,676,1034347,买盘
659,10:03:22,15.31,0.0,225,344251,买盘
660,10:03:25,15.3,-0.01,222,339775,卖盘
661,10:03:28,15.31,0.01,106,162243,中性盘
662,10:03:31,15.31,0.0,26,39806,卖盘
663,10:03:33,15.32,0.01,859,1315569,买盘
664,10:03:37,15.32,0.0,682,1046933,中性盘
665,10:03:40,15.32,0.0,246,376915,卖盘
666,10:03:43,15.32,0.0,373,571436,卖盘
667,10:03:45,15.35,0.03,65,99615,买盘
668,10:03:49,15.32,-0.03,112,171600,卖盘
669,10:03:52,15.35,0.03,127,194811,买盘
670,10:03:55,15.35,0.0,55,84425,卖盘
671,10:03:58,15.35,0.0,36,55248,卖盘
672,10:04:01,15.35,0.0,68,104400,卖盘
673,10:04:05,15.35,0.0,22,33770,卖盘
674,10:04:07,15.35,0.0,149,228741,卖盘
675,10:04:09,15.35,0.0,18,27633,买盘
676,10:04:13,15.35,0.0,58,88993,买盘
677,10:04:15,15.35,0.0,44,67537,买盘
678,10:04:19,15.34,-0.01,14,21478,卖盘
679,10:04:22,15.34,0.0,6,9204,卖盘
680,10:04:25,15.35,0.01,135,207112,买盘
681,10:04:28,15.34,-0.01,26,39893,中性盘
682,10:04:31,15.34,0.0,45,68986,买盘
683,10:04:34,15.33,-0.01,292,447646,卖盘
684,10:04:37,15.34,0.01,42,64409,买盘
685,10:04:40,15.32,-0.02,14,21452,卖盘
686,10:04:43,15.33,0.01,321,491791,买盘
687,10:04:46,15.31,-0.02,198,303328,卖盘
688,10:04:49,15.33,0.02,101,154798,买盘
689,10:04:52,15.33,0.0,48,73529,中性盘
690,10:04:55,15.32,-0.01,10,15311,中性盘
691,10:04:58,15.32,0.0,8,12253,卖盘
692,10:05:01,15.32,0.0,105,160860,卖盘
693,10:05:05,15.32,0.0,106,162362,买盘
694,10:05:07,15.32,0.0,22,33704,卖盘
695,10:05:10,15.32,0.0,70,107241,卖盘
696,10:05:13,15.32,0.0,106,162341,卖盘
697,10:05:16,15.33,0.01,414,634617,买盘
698,10:05:19,15.33,0.0,123,187760,买盘
699,10:05:22,15.33,0.0,50,76650,卖盘
700,10:05:25,15.33,0.0,554,849677,卖盘
701,10:05:28,15.34,0.01,31,47554,买盘
702,10:05:31,15.34,0.0,59,90448,买盘
703,10:05:34,15.34,0.0,240,367943,买盘
704,10:05:37,15.33,-0.01,13,19932,卖盘
705,10:05:40,15.34,0.01,171,262314,买盘
706,10:05:43,15.34,0.0,303,465069,卖盘
707,10:05:46,15.34,0.0,56,86726,卖盘
708,10:05:49,15.34,0.0,19,29147,卖盘
709,10:05:52,15.35,0.01,239,366865,买盘
710,10:05:55,15.35,0.0,2,3070,卖盘
711,10:05:58,15.35,0.0,37,56795,卖盘
712,10:06:01,15.35,0.0,86,132010,卖盘
713,10:06:04,15.36,0.01,56,86168,买盘
714,10:06:07,15.36,0.0,77,118234,买盘
715,10:06:10,15.35,-0.01,85,130475,卖盘
716,10:06:13,15.35,0.0,8,12281,卖盘
717,10:06:16,15.36,0.01,55,84481,买盘
718,10:06:19,15.35,-0.01,82,125932,卖盘
719,10:06:22,15.36,0.01,164,251603,中性盘
720,10:06:24,15.35,-0.01,53,81452,卖盘
721,10:06:28,15.35,0.0,30,46079,卖盘
722,10:06:30,15.35,0.0,218,334701,卖盘
723,10:06:34,15.36,0.01,63,96758,买盘
724,10:06:37,15.36,0.0,147,225787,买盘
725,10:06:40,15.36,0.0,13,19976,卖盘
726,10:06:42,15.36,0.0,4,6144,卖盘
727,10:06:49,15.36,0.0,5,7680,卖盘
728,10:06:52,15.36,0.0,82,125953,卖盘
729,10:06:55,15.37,0.01,6,9222,买盘
730,10:06:58,15.36,-0.01,36,55296,卖盘
731,10:07:01,15.37,0.01,21,32261,买盘
732,10:07:04,15.36,-0.01,43,66064,卖盘
733,10:07:07,15.37,0.01,87,133707,买盘
734,10:07:10,15.37,0.0,140,215059,买盘
735,10:07:13,15.36,-0.01,29,44560,卖盘
736,10:07:16,15.36,0.0,425,652825,卖盘
737,10:07:19,15.36,0.0,190,291806,卖盘
738,10:07:22,15.36,0.0,118,181502,卖盘
739,10:07:25,15.36,0.0,28,43013,卖盘
740,10:07:31,15.37,0.01,110,169065,买盘
741,10:07:34,15.36,-0.01,1,1536,卖盘
742,10:07:37,15.37,0.01,6,9222,买盘
743,10:07:40,15.36,-0.01,15,23040,卖盘
744,10:07:43,15.36,0.0,30,45852,卖盘
745,10:07:46,15.36,0.0,153,235148,卖盘
746,10:07:48,15.37,0.01,63,96831,买盘
747,10:07:51,15.37,0.0,5,7685,买盘
748,10:07:54,15.36,-0.01,64,98305,卖盘
749,10:07:58,15.39,0.03,845,1299784,买盘
750,10:08:01,15.37,-0.02,73,112201,卖盘
751,10:08:04,15.37,0.0,40,61480,中性盘
752,10:08:16,15.37,0.0,33,50721,卖盘
753,10:08:19,15.37,0.0,22,33814,卖盘
754,10:08:22,15.39,0.02,18,27696,买盘
755,10:08:25,15.37,-0.02,94,144502,卖盘
756,10:08:28,15.4,0.03,516,794580,买盘
757,10:08:31,15.4,0.0,18,27720,卖盘
758,10:08:34,15.4,0.0,148,227920,卖盘
759,10:08:36,15.37,-0.03,124,190829,卖盘
760,10:08:39,15.4,0.03,1,1540,买盘
761,10:08:43,15.39,-0.01,1,1539,卖盘
762,10:08:46,15.39,0.0,29,44650,卖盘
763,10:08:49,15.39,0.0,27,41557,卖盘
764,10:08:52,15.39,0.0,32,49248,买盘
765,10:08:57,15.39,0.0,10,15390,买盘
766,10:09:04,15.38,-0.01,93,143034,卖盘
767,10:09:07,15.37,-0.01,15,23055,卖盘
768,10:09:10,15.38,0.01,77,118426,买盘
769,10:09:13,15.38,0.0,2,3076,买盘
770,10:09:16,15.37,-0.01,96,147552,卖盘
771,10:09:22,15.36,-0.01,14,21504,卖盘
772,10:09:25,15.37,0.01,10,15370,买盘
773,10:09:28,15.36,-0.01,6,9216,卖盘
774,10:09:31,15.36,0.0,29,44544,卖盘
775,10:09:33,15.37,0.01,31,47635,买盘
776,10:09:37,15.36,-0.01,92,141322,卖盘
777,10:09:39,15.36,0.0,39,59981,卖盘
778,10:09:46,15.37,0.01,83,127525,买盘
779,10:09:49,15.35,-0.02,43,66005,卖盘
780,10:09:52,15.35,0.0,20,30700,卖盘
781,10:09:54,15.35,0.0,102,156571,卖盘
782,10:09:58,15.35,0.0,158,242530,卖盘
783,10:10:01,15.35,0.0,2,3070,卖盘
784,10:10:04,15.35,0.0,28,42993,卖盘
785,10:10:06,15.35,0.0,139,213479,卖盘
786,10:10:10,15.35,0.0,548,841285,卖盘
787,10:10:13,15.35,0.0,183,280905,买盘
788,10:10:16,15.34,-0.01,50,76732,卖盘
789,10:10:19,15.36,0.02,836,1286217,买盘
790,10:10:21,15.36,0.0,37,56822,卖盘
791,10:10:25,15.35,-0.01,38,58360,卖盘
792,10:10:28,15.37,0.02,24,36479,中性盘
793,10:10:31,15.37,0.0,5,7685,卖盘
794,10:10:33,15.37,0.0,37,56881,卖盘
795,10:10:37,15.37,0.0,26,39962,卖盘
796,10:10:40,15.37,0.0,2,3074,卖盘
797,10:10:43,15.38,0.01,227,348559,中性盘
798,10:10:46,15.38,0.0,87,133806,卖盘
799,10:10:52,15.38,0.0,61,93818,卖盘
800,10:10:55,15.38,0.0,9,13846,卖盘
801,10:10:58,15.39,0.01,10,15390,买盘
802,10:11:01,15.38,-0.01,41,63058,卖盘
803,10:11:04,15.38,0.0,25,38451,卖盘
804,10:11:06,15.38,0.0,11,16918,卖盘
805,10:11:09,15.38,0.0,262,402956,卖盘
806,10:11:13,15.38,0.0,61,93836,卖盘
807,10:11:15,15.38,0.0,5,7689,买盘
808,10:11:19,15.38,0.0,18,27684,买盘
809,10:11:22,15.38,0.0,20,30760,买盘
810,10:11:24,15.38,0.0,10,15380,买盘
811,10:11:28,15.37,-0.01,1,1537,卖盘
812,10:11:31,15.37,0.0,53,81476,卖盘
813,10:11:34,15.37,0.0,607,934083,卖盘
814,10:11:37,15.37,0.0,81,124497,买盘
815,10:11:43,15.36,-0.01,34,52260,卖盘
816,10:11:46,15.37,0.01,2,3074,中性盘
817,10:11:49,15.37,0.0,46,70702,买盘
818,10:11:52,15.37,0.0,22,33814,中性盘
819,10:11:55,15.37,0.0,64,98308,买盘
820,10:11:58,15.36,-0.01,11,16896,卖盘
821,10:12:01,15.37,0.01,22,33812,买盘
822,10:12:04,15.37,0.0,9,13829,买盘
823,10:12:07,15.37,0.0,140,215170,买盘
824,10:12:10,15.36,-0.01,334,513131,卖盘
825,10:12:13,15.36,0.0,41,62976,买盘
826,10:12:16,15.36,0.0,64,98283,买盘
827,10:12:19,15.36,0.0,20,30720,买盘
828,10:12:22,15.37,0.01,89,136698,买盘
829,10:12:25,15.36,-0.01,20,30720,卖盘
830,10:12:28,15.36,0.0,14,21504,卖盘
831,10:12:31,15.36,0.0,14,21504,卖盘
832,10:12:34,15.36,0.0,40,61440,卖盘
833,10:12:37,15.36,0.0,14,21504,卖盘
834,10:12:43,15.36,0.0,5,7681,卖盘
835,10:12:46,15.37,0.01,2,3074,买盘
836,10:12:49,15.36,-0.01,172,264227,卖盘
837,10:12:52,15.36,0.0,1,1536,买盘
838,10:12:55,15.37,0.01,38,58399,买盘
839,10:12:58,15.37,0.0,3,4611,卖盘
840,10:13:01,15.37,0.0,15,23055,卖盘
841,10:13:07,15.36,-0.01,91,139779,卖盘
842,10:13:10,15.36,0.0,2,3072,买盘
843,10:13:16,15.35,-0.01,96,148138,卖盘
844,10:13:19,15.35,0.0,2,3070,卖盘
845,10:13:22,15.35,0.0,194,297840,卖盘
846,10:13:25,15.35,0.0,129,198022,卖盘
847,10:13:28,15.36,0.01,97,148949,买盘
848,10:13:31,15.33,-0.03,1502,2303729,卖盘
849,10:13:33,15.35,0.02,17,26095,买盘
850,10:13:37,15.35,0.0,5,7675,买盘
851,10:13:40,15.35,0.0,378,580542,买盘
852,10:13:43,15.35,0.0,44,67476,买盘
853,10:13:46,15.35,0.0,10,15350,买盘
854,10:13:52,15.33,-0.02,187,286808,卖盘
855,10:13:55,15.35,0.02,5,7675,买盘
856,10:13:58,15.34,-0.01,501,768534,卖盘
857,10:14:00,15.34,0.0,27,41411,买盘
858,10:14:04,15.34,0.0,22,33744,买盘
859,10:14:07,15.33,-0.01,251,384834,卖盘
860,10:14:10,15.34,0.01,21,32214,买盘
861,10:14:12,15.34,0.0,64,98178,卖盘
862,10:14:16,15.34,0.0,34,52156,卖盘
863,10:14:19,15.35,0.01,37,56768,买盘
864,10:14:22,15.34,-0.01,171,262319,卖盘
865,10:14:25,15.34,0.0,70,107380,卖盘
866,10:14:28,15.34,0.0,6,9209,卖盘
867,10:14:31,15.34,0.0,33,50622,卖盘
868,10:14:33,15.35,0.01,76,116641,买盘
869,10:14:37,15.34,-0.01,94,144199,卖盘
870,10:14:40,15.34,0.0,30,46020,卖盘
871,10:14:43,15.35,0.01,2,3070,买盘
872,10:14:46,15.34,-0.01,26,39890,卖盘
873,10:14:48,15.35,0.01,57,87493,买盘
874,10:14:52,15.34,-0.01,170,260780,卖盘
875,10:14:54,15.35,0.01,135,207222,买盘
876,10:14:58,15.35,0.0,4,6140,买盘
877,10:15:01,15.34,-0.01,32,49088,卖盘
878,10:15:04,15.34,0.0,31,47554,卖盘
879,10:15:07,15.35,0.01,32,49094,买盘
880,10:15:10,15.35,0.0,5,7675,买盘
881,10:15:13,15.35,0.0,20,30700,买盘
882,10:15:15,15.36,0.01,229,351527,买盘
883,10:15:25,15.36,0.0,7,10742,买盘
884,10:15:28,15.36,0.0,9,13824,买盘
885,10:15:30,15.34,-0.02,63,96674,卖盘
886,10:15:34,15.34,0.0,58,88972,卖盘
887,10:15:37,15.36,0.02,17,26112,买盘
888,10:15:39,15.35,-0.01,15,23025,卖盘
889,10:15:42,15.36,0.01,232,356351,买盘
890,10:15:46,15.37,0.01,2,3074,买盘
891,10:15:49,15.36,-0.01,19,29193,卖盘
892,10:15:52,15.36,0.0,130,199683,卖盘
893,10:15:54,15.37,0.01,150,230550,买盘
894,10:15:58,15.36,-0.01,20,30720,卖盘
895,10:16:01,15.37,0.01,133,204318,买盘
896,10:16:04,15.37,0.0,31,47647,买盘
897,10:16:07,15.37,0.0,65,99876,卖盘
898,10:16:10,15.36,-0.01,10,15360,卖盘
899,10:16:13,15.36,0.0,59,90628,卖盘
900,10:16:19,15.35,-0.01,277,425212,卖盘
901,10:16:22,15.35,0.0,183,280905,买盘
902,10:16:25,15.34,-0.01,54,82840,卖盘
903,10:16:27,15.34,0.0,5,7674,卖盘
904,10:16:30,15.34,0.0,31,47559,卖盘
905,10:16:34,15.34,0.0,20,30681,卖盘
906,10:16:37,15.34,0.0,11,16875,卖盘
907,10:16:40,15.34,0.0,42,64433,卖盘
908,10:16:42,15.34,0.0,6,9204,卖盘
909,10:16:46,15.34,0.0,52,79768,卖盘
910,10:16:49,15.34,0.0,29,44503,卖盘
911,10:16:52,15.34,0.0,13,19952,卖盘
912,10:16:55,15.34,0.0,28,42972,卖盘
913,10:16:58,15.35,0.01,95,145825,买盘
914,10:17:00,15.34,-0.01,138,211733,卖盘
915,10:17:05,15.35,0.01,8,12280,买盘
916,10:17:07,15.35,0.0,22,33770,买盘
917,10:17:10,15.34,-0.01,25,38350,卖盘
918,10:17:13,15.35,0.01,19,29158,买盘
919,10:17:16,15.34,-0.01,103,158100,卖盘
920,10:17:19,15.35,0.01,11,16885,买盘
921,10:17:22,15.35,0.0,55,84425,买盘
922,10:17:25,15.34,-0.01,102,156565,卖盘
923,10:17:28,15.34,0.0,25,38361,卖盘
924,10:17:31,15.35,0.01,10,15350,买盘
925,10:17:34,15.34,-0.01,124,190300,卖盘
926,10:17:37,15.35,0.01,49,75215,买盘
927,10:17:40,15.35,0.0,7,10745,买盘
928,10:17:43,15.35,0.0,26,39910,买盘
929,10:17:45,15.35,0.0,10,15350,卖盘
930,10:17:49,15.35,0.0,18,27630,卖盘
931,10:17:52,15.36,0.01,3,4607,买盘
932,10:17:55,15.36,0.0,78,119748,买盘
933,10:17:58,15.35,-0.01,221,339235,卖盘
934,10:18:01,15.35,0.0,38,58330,买盘
935,10:18:04,15.34,-0.01,15,23010,卖盘
936,10:18:07,15.34,0.0,51,78264,卖盘
937,10:18:10,15.35,0.01,10,15341,买盘
938,10:18:13,15.35,0.0,9,13815,买盘
939,10:18:16,15.35,0.0,12,18420,买盘
940,10:18:18,15.34,-0.01,3,4602,卖盘
941,10:18:22,15.34,0.0,58,88977,卖盘
942,10:18:25,15.35,0.01,49,75185,买盘
943,10:18:28,15.34,-0.01,21,32214,卖盘
944,10:18:31,15.34,0.0,78,119681,卖盘
945,10:18:34,15.35,0.01,2,3070,买盘
946,10:18:36,15.34,-0.01,201,308336,卖盘
947,10:18:40,15.35,0.01,18,27621,买盘
948,10:18:43,15.34,-0.01,310,475540,卖盘
949,10:18:46,15.34,0.0,23,35282,买盘
950,10:18:48,15.34,0.0,32,49088,买盘
951,10:18:51,15.34,0.0,68,104307,买盘
952,10:18:55,15.35,0.01,157,240848,买盘
953,10:19:01,15.35,0.0,61,93579,买盘
954,10:19:04,15.34,-0.01,189,290035,卖盘
955,10:19:07,15.34,0.0,10,15340,卖盘
956,10:19:10,15.35,0.01,1,1535,买盘
957,10:19:13,15.34,-0.01,31,47566,卖盘
958,10:19:16,15.35,0.01,98,150342,买盘
959,10:19:19,15.34,-0.01,63,96662,卖盘
960,10:19:21,15.35,0.01,328,503157,买盘
961,10:19:25,15.34,-0.01,141,216324,卖盘
962,10:19:28,15.34,0.0,49,75166,卖盘
963,10:19:31,15.34,0.0,60,92040,卖盘
964,10:19:34,15.34,0.0,50,76701,卖盘
965,10:19:37,15.34,0.0,90,138060,卖盘
966,10:19:40,15.34,0.0,60,92040,买盘
967,10:19:43,15.34,0.0,224,343812,买盘
968,10:19:46,15.35,0.01,30,46025,买盘
969,10:19:49,15.34,-0.01,23,35287,卖盘
970,10:19:51,15.34,0.0,32,49088,卖盘
971,10:19:55,15.35,0.01,50,76750,买盘
972,10:19:58,15.34,-0.01,35,53690,卖盘
973,10:20:01,15.34,0.0,29,44486,卖盘
974,10:20:04,15.34,0.0,50,76700,卖盘
975,10:20:07,15.35,0.01,87,133495,买盘
976,10:20:09,15.34,-0.01,82,125788,卖盘
977,10:20:13,15.34,0.0,131,201018,卖盘
978,10:20:16,15.35,0.01,5,7673,买盘
979,10:20:19,15.34,-0.01,66,101254,卖盘
980,10:20:22,15.34,0.0,15,23010,卖盘
981,10:20:24,15.34,0.0,12,18408,卖盘
982,10:20:28,15.35,0.01,17,26095,买盘
983,10:20:31,15.35,0.0,15,23025,买盘
984,10:20:34,15.34,-0.01,248,380648,卖盘
985,10:20:37,15.35,0.01,585,898244,买盘
986,10:20:40,15.35,0.0,197,302587,卖盘
987,10:20:43,15.36,0.01,186,285679,买盘
988,10:20:46,15.36,0.0,248,380928,买盘
989,10:20:49,15.37,0.01,78,119876,买盘
990,10:20:52,15.37,0.0,67,103026,卖盘
991,10:20:55,15.38,0.01,65,99970,买盘
992,10:21:05,15.39,0.01,183,281637,买盘
993,10:21:07,15.39,0.0,277,426193,买盘
994,10:21:10,15.39,0.0,27,41553,买盘
995,10:21:13,15.4,0.01,38,58492,买盘
996,10:21:19,15.39,-0.01,6,9234,卖盘
997,10:21:22,15.4,0.01,218,335710,买盘
998,10:21:25,15.4,0.0,3,4620,买盘
999,10:21:30,15.4,0.0,165,254080,买盘
1000,10:21:34,15.4,0.0,23,35420,卖盘
1001,10:21:37,15.4,0.0,172,264880,卖盘
1002,10:21:39,15.41,0.01,22,33902,买盘
1003,10:21:43,15.41,0.0,21,32343,买盘
1004,10:21:46,15.41,0.0,171,263511,买盘
1005,10:21:49,15.41,0.0,7,10787,卖盘
1006,10:21:52,15.42,0.01,1,1542,买盘
1007,10:21:55,15.42,0.0,204,314622,买盘
1008,10:21:58,15.42,0.0,16,24671,卖盘
1009,10:22:01,15.43,0.01,88,135722,买盘
1010,10:22:04,15.43,0.0,58,89482,买盘
1011,10:22:07,15.42,-0.01,547,844172,卖盘
1012,10:22:10,15.42,0.0,21,32382,买盘
1013,10:22:13,15.42,0.0,152,234282,买盘
1014,10:22:15,15.42,0.0,69,106398,买盘
1015,10:22:19,15.42,0.0,65,100219,买盘
1016,10:22:22,15.42,0.0,92,141954,卖盘
1017,10:22:27,15.42,0.0,52,80244,卖盘
1018,10:22:31,15.44,0.02,59,91059,买盘
1019,10:22:34,15.42,-0.02,8,12344,卖盘
1020,10:22:37,15.43,0.01,16,24684,中性盘
1021,10:22:39,15.44,0.01,39,60191,买盘
1022,10:22:42,15.44,0.0,615,949687,买盘
1023,10:22:48,15.44,0.0,37,57128,买盘
1024,10:22:52,15.44,0.0,75,115795,买盘
1025,10:22:54,15.44,0.0,31,47864,买盘
1026,10:22:58,15.44,0.0,30,46320,买盘
1027,10:23:01,15.44,0.0,62,95728,卖盘
1028,10:23:04,15.45,0.01,776,1198905,买盘
1029,10:23:07,15.45,0.0,22,33990,买盘
1030,10:23:09,15.45,0.0,127,196337,卖盘
1031,10:23:13,15.45,0.0,160,247374,卖盘
1032,10:23:16,15.47,0.02,278,429966,买盘
1033,10:23:19,15.48,0.01,205,317127,买盘
1034,10:23:21,15.46,-0.02,169,261393,卖盘
1035,10:23:25,15.48,0.02,90,139253,买盘
1036,10:23:28,15.47,-0.01,373,577378,卖盘
1037,10:23:31,15.48,0.01,397,614512,买盘
1038,10:23:33,15.48,0.0,98,151694,买盘
1039,10:23:37,15.48,0.0,88,136162,买盘
1040,10:23:40,15.48,0.0,94,145423,买盘
1041,10:23:43,15.47,-0.01,298,461180,卖盘
1042,10:23:45,15.48,0.01,208,321820,买盘
1043,10:23:48,15.48,0.0,88,136147,买盘
1044,10:23:52,15.48,0.0,37,57249,买盘
1045,10:23:54,15.48,0.0,116,179471,买盘
1046,10:23:57,15.47,-0.01,10,15470,卖盘
1047,10:24:01,15.47,0.0,170,263114,卖盘
1048,10:24:04,15.47,0.0,18,27846,买盘
1049,10:24:07,15.47,0.0,8,12376,买盘
1050,10:24:09,15.46,-0.01,418,646333,卖盘
1051,10:24:13,15.45,-0.01,116,179227,卖盘
1052,10:24:16,15.45,0.0,186,287377,卖盘
1053,10:24:18,15.45,0.0,71,109703,买盘
1054,10:24:22,15.44,-0.01,14,21616,卖盘
1055,10:24:25,15.44,0.0,52,80322,卖盘
1056,10:24:28,15.44,0.0,23,35512,卖盘
1057,10:24:31,15.43,-0.01,159,245456,卖盘
1058,10:24:33,15.44,0.01,25,38594,买盘
1059,10:24:37,15.46,0.02,552,852987,买盘
1060,10:24:40,15.46,0.0,143,221078,卖盘
1061,10:24:42,15.46,0.0,160,247434,卖盘
1062,10:24:46,15.46,0.0,38,58765,卖盘
1063,10:24:49,15.46,0.0,156,241562,卖盘
1064,10:24:52,15.46,0.0,3,4638,买盘
1065,10:24:54,15.46,0.0,131,202140,买盘
1066,10:24:58,15.46,0.0,167,258289,卖盘
1067,10:25:04,15.46,0.0,82,127222,卖盘
1068,10:25:06,15.46,0.0,116,179336,买盘
1069,10:25:10,15.45,-0.01,29,44824,卖盘
1070,10:25:13,15.46,0.01,23,35558,买盘
1071,10:25:16,15.47,0.01,407,629243,买盘
1072,10:25:18,15.46,-0.01,32,49472,卖盘
1073,10:25:22,15.44,-0.02,200,309036,卖盘
1074,10:25:25,15.46,0.02,10,15460,中性盘
1075,10:25:27,15.46,0.0,4,6184,中性盘
1076,10:25:30,15.47,0.01,459,709660,买盘
1077,10:25:34,15.48,0.01,330,510802,买盘
1078,10:25:37,15.48,0.0,519,803589,买盘
1079,10:25:40,15.48,0.0,2,3096,买盘
1080,10:25:43,15.48,0.0,176,272190,买盘
1081,10:25:45,15.48,0.0,73,113004,买盘
1082,10:25:49,15.48,0.0,71,109931,买盘
1083,10:25:51,15.48,0.0,131,202788,卖盘
1084,10:25:54,15.49,0.01,38,58858,买盘
1085,10:25:58,15.49,0.0,279,432151,买盘
1086,10:26:01,15.49,0.0,176,272594,买盘
1087,10:26:04,15.48,-0.01,73,113038,卖盘
1088,10:26:07,15.48,0.0,38,58824,买盘
1089,10:26:10,15.48,0.0,25,38700,中性盘
1090,10:26:12,15.48,0.0,28,43344,买盘
1091,10:26:16,15.48,0.0,64,99052,买盘
1092,10:26:19,15.48,0.0,18,27864,买盘
1093,10:26:22,15.48,0.0,131,202665,买盘
1094,10:26:28,15.48,0.0,44,68104,买盘
1095,10:26:31,15.46,-0.02,86,133342,卖盘
1096,10:26:33,15.46,0.0,76,117496,买盘
1097,10:26:37,15.46,0.0,29,44834,买盘
1098,10:26:40,15.46,0.0,56,86525,买盘
1099,10:26:43,15.46,0.0,130,200915,买盘
1100,10:26:45,15.45,-0.01,172,265762,卖盘
1101,10:26:49,15.44,-0.01,1,1544,卖盘
1102,10:26:52,15.44,0.0,10,15440,卖盘
1103,10:26:54,15.44,0.0,115,177564,卖盘
1104,10:26:58,15.45,0.01,204,314979,买盘
1105,10:27:01,15.45,0.0,186,287257,买盘
1106,10:27:04,15.44,-0.01,7,10802,中性盘
1107,10:27:06,15.45,0.01,189,291949,买盘
1108,10:27:13,15.45,0.0,77,118960,买盘
1109,10:27:16,15.44,-0.01,46,71063,中性盘
1110,10:27:18,15.44,0.0,60,92640,买盘
1111,10:27:22,15.44,0.0,328,506425,买盘
1112,10:27:25,15.44,0.0,369,569736,买盘
1113,10:27:28,15.45,0.01,181,279645,买盘
1114,10:27:30,15.45,0.0,16,24723,买盘
1115,10:27:34,15.44,-0.01,376,580621,卖盘
1116,10:27:40,15.44,0.0,6,9264,买盘
1117,10:27:43,15.44,0.0,92,142048,买盘
1118,10:27:45,15.44,0.0,129,199176,买盘
1119,10:27:55,15.45,0.01,32,49438,买盘
1120,10:27:57,15.45,0.0,37,57139,买盘
1121,10:28:01,15.44,-0.01,227,350659,卖盘
1122,10:28:07,15.45,0.01,26,40155,买盘
1123,10:28:09,15.44,-0.01,3,4632,卖盘
1124,10:28:13,15.44,0.0,120,185280,卖盘
1125,10:28:16,15.44,0.0,106,163664,卖盘
1126,10:28:19,15.44,0.0,8,12352,卖盘
1127,10:28:22,15.45,0.01,12,18540,买盘
1128,10:28:25,15.45,0.0,29,44805,买盘
1129,10:28:31,15.45,0.0,61,94245,买盘
1130,10:28:34,15.44,-0.01,4,6176,卖盘
1131,10:28:37,15.44,0.0,22,33968,卖盘
1132,10:28:39,15.44,0.0,17,26248,卖盘
1133,10:28:43,15.44,0.0,31,47868,卖盘
1134,10:28:46,15.45,0.01,37,57165,买盘
1135,10:28:48,15.44,-0.01,117,180648,卖盘
1136,10:28:55,15.44,0.0,2,3088,卖盘
1137,10:28:57,15.45,0.01,40,61800,买盘
1138,10:29:01,15.45,0.0,1,1545,买盘
1139,10:29:07,15.44,-0.01,2,3088,卖盘
1140,10:29:10,15.45,0.01,48,74150,买盘
1141,10:29:13,15.45,0.0,37,57160,买盘
1142,10:29:16,15.45,0.0,14,21630,买盘
1143,10:29:19,15.45,0.0,4,6177,买盘
1144,10:29:22,15.45,0.0,10,15450,买盘
1145,10:29:24,15.44,-0.01,8,12357,卖盘
1146,10:29:28,15.45,0.01,31,47895,买盘
1147,10:29:31,15.45,0.0,17,26249,买盘
1148,10:29:34,15.45,0.0,21,32445,买盘
1149,10:29:37,15.45,0.0,21,32445,买盘
1150,10:29:39,15.45,0.0,11,16995,买盘
1151,10:29:43,15.45,0.0,11,16995,买盘
1152,10:29:46,15.44,-0.01,308,475562,卖盘
1153,10:29:48,15.44,0.0,4,6176,买盘
1154,10:29:52,15.44,0.0,18,27792,买盘
1155,10:29:55,15.44,0.0,228,351832,买盘
1156,10:29:58,15.43,-0.01,4,6174,卖盘
1157,10:30:00,15.44,0.01,1,1544,买盘
1158,10:30:05,15.43,-0.01,124,191337,卖盘
1159,10:30:07,15.43,0.0,332,512278,卖盘
1160,10:30:09,15.43,0.0,47,72521,卖盘
1161,10:30:13,15.43,0.0,137,211256,买盘
1162,10:30:16,15.43,0.0,261,402466,买盘
1163,10:30:19,15.42,-0.01,71,109482,卖盘
1164,10:30:22,15.44,0.02,275,424198,买盘
1165,10:30:24,15.43,-0.01,5,7715,中性盘
1166,10:30:28,15.42,-0.01,14,21598,卖盘
1167,10:30:30,15.43,0.01,6,9258,买盘
1168,10:30:33,15.42,-0.01,1,1542,卖盘
1169,10:30:36,15.42,0.0,279,430218,卖盘
1170,10:30:40,15.43,0.01,76,117256,买盘
1171,10:30:43,15.42,-0.01,10,15412,买盘
1172,10:30:49,15.42,0.0,4,6168,买盘
1173,10:30:52,15.41,-0.01,175,269694,卖盘
1174,10:30:55,15.41,0.0,5,7705,卖盘
1175,10:30:57,15.42,0.01,7,10791,买盘
1176,10:31:05,15.41,-0.01,20,30820,卖盘
1177,10:31:07,15.42,0.01,4,6168,买盘
1178,10:31:10,15.41,-0.01,50,77050,卖盘
1179,10:31:13,15.42,0.01,12,18496,买盘
1180,10:31:16,15.42,0.0,5,7710,买盘
1181,10:31:19,15.42,0.0,8,12331,买盘
1182,10:31:21,15.41,-0.01,44,67808,卖盘
1183,10:31:25,15.41,0.0,58,88222,卖盘
1184,10:31:28,15.41,0.0,60,92460,卖盘
1185,10:31:31,15.41,0.0,30,47399,卖盘
1186,10:31:36,15.41,0.0,85,130930,买盘
1187,10:31:40,15.41,0.0,108,165242,买盘
1188,10:31:43,15.41,0.0,42,64692,卖盘
1189,10:31:46,15.4,-0.01,96,149052,卖盘
1190,10:31:49,15.41,0.01,20,29664,买盘
1191,10:31:52,15.4,-0.01,14,22720,卖盘
1192,10:31:54,15.4,0.0,10,15400,卖盘
1193,10:31:58,15.4,0.0,142,218690,卖盘
1194,10:32:00,15.4,0.0,62,95480,卖盘
1195,10:32:05,15.4,0.0,1,1540,卖盘
1196,10:32:07,15.4,0.0,23,35420,卖盘
1197,10:32:09,15.4,0.0,12,18480,卖盘
1198,10:32:12,15.4,0.0,14,21560,卖盘
1199,10:32:16,15.41,0.01,26,40043,买盘
1200,10:32:18,15.41,0.0,100,154080,买盘
1201,10:32:22,15.42,0.01,26,38935,卖盘
1202,10:32:31,15.42,0.0,48,74016,卖盘
1203,10:32:34,15.42,0.0,32,49344,买盘
1204,10:32:37,15.42,0.0,13,20046,卖盘
1205,10:32:40,15.43,0.01,99,152684,买盘
1206,10:32:42,15.42,-0.01,115,177330,卖盘
1207,10:32:46,15.43,0.01,65,100295,买盘
1208,10:32:49,15.43,0.0,71,109553,买盘
1209,10:32:52,15.43,0.0,20,30860,卖盘
1210,10:32:55,15.44,0.01,235,362802,买盘
1211,10:32:58,15.44,0.0,16,24702,卖盘
1212,10:33:01,15.44,0.0,15,23160,卖盘
1213,10:33:05,15.44,0.0,4,6176,买盘
1214,10:33:07,15.44,0.0,24,37052,买盘
1215,10:33:19,15.43,-0.01,22,33963,卖盘
1216,10:33:22,15.44,0.01,50,77200,买盘
1217,10:33:24,15.43,-0.01,24,37032,卖盘
1218,10:33:28,15.43,0.0,101,155873,卖盘
1219,10:33:33,15.42,-0.01,1,1542,卖盘
1220,10:33:37,15.43,0.01,101,155843,买盘
1221,10:33:42,15.43,0.0,50,77159,卖盘
1222,10:33:46,15.43,0.0,6,9258,卖盘
1223,10:33:49,15.43,0.0,34,52489,卖盘
1224,10:33:54,15.43,0.0,15,23145,卖盘
1225,10:33:58,15.44,0.01,67,103438,买盘
1226,10:34:01,15.43,-0.01,26,40118,卖盘
1227,10:34:05,15.44,0.01,27,41688,买盘
1228,10:34:07,15.44,0.0,98,151228,买盘
1229,10:34:10,15.44,0.0,23,35511,买盘
1230,10:34:13,15.43,-0.01,40,61733,卖盘
1231,10:34:22,15.42,-0.01,1,1542,卖盘
1232,10:34:25,15.43,0.01,4,6172,买盘
1233,10:34:28,15.42,-0.01,6,9252,卖盘
1234,10:34:31,15.42,0.0,28,43176,卖盘
1235,10:34:33,15.43,0.01,3,4629,买盘
1236,10:34:37,15.43,0.0,123,189743,买盘
1237,10:34:39,15.42,-0.01,3,4626,卖盘
1238,10:34:43,15.43,0.01,2,3086,买盘
1239,10:34:46,15.42,-0.01,110,169650,卖盘
1240,10:34:49,15.42,0.0,11,16962,卖盘
1241,10:34:51,15.42,0.0,52,80191,卖盘
1242,10:34:55,15.42,0.0,53,81726,卖盘
1243,10:34:58,15.42,0.0,222,342324,卖盘
1244,10:35:01,15.42,0.0,39,60148,卖盘
1245,10:35:05,15.43,0.01,60,92522,买盘
1246,10:35:07,15.42,-0.01,85,131076,卖盘
1247,10:35:10,15.42,0.0,115,177333,卖盘
1248,10:35:13,15.43,0.01,41,63247,买盘
1249,10:35:16,15.41,-0.02,5,7705,卖盘
1250,10:35:19,15.41,0.0,56,86351,卖盘
1251,10:35:22,15.42,0.01,5,7710,买盘
1252,10:35:25,15.42,0.0,64,98688,买盘
1253,10:35:31,15.41,-0.01,1,1541,卖盘
1254,10:35:34,15.41,0.0,170,261970,卖盘
1255,10:35:37,15.41,0.0,7,10787,卖盘
1256,10:35:40,15.41,0.0,61,94001,卖盘
1257,10:35:43,15.41,0.0,107,164887,卖盘
1258,10:35:46,15.42,0.01,40,61668,买盘
1259,10:35:49,15.42,0.0,14,21580,买盘
1260,10:35:55,15.41,-0.01,19,29279,买盘
1261,10:35:57,15.41,0.0,16,24645,买盘
1262,10:36:01,15.41,0.0,13,20040,卖盘
1263,10:36:05,15.41,0.0,180,277545,卖盘
1264,10:36:07,15.41,0.0,18,27738,卖盘
1265,10:36:10,15.41,0.0,10,15410,卖盘
1266,10:36:13,15.41,0.0,4,6164,卖盘
1267,10:36:16,15.41,0.0,52,80132,卖盘
1268,10:36:19,15.41,0.0,62,95542,卖盘
1269,10:36:22,15.41,0.0,20,30820,买盘
1270,10:36:25,15.4,-0.01,6,9240,卖盘
1271,10:36:28,15.41,0.01,10,15410,买盘
1272,10:36:31,15.41,0.0,42,64681,买盘
1273,10:36:34,15.41,0.0,28,43123,买盘
1274,10:36:37,15.4,-0.01,302,465294,卖盘
1275,10:36:40,15.4,0.0,193,297240,卖盘
1276,10:36:43,15.4,0.0,9,13860,买盘
1277,10:36:46,15.39,-0.01,136,209304,卖盘
1278,10:36:49,15.4,0.01,92,141656,买盘
1279,10:36:52,15.4,0.0,20,30800,买盘
1280,10:36:55,15.39,-0.01,173,266540,中性盘
1281,10:36:58,15.4,0.01,88,135502,买盘
1282,10:37:00,15.4,0.0,114,175181,卖盘
1283,10:37:05,15.4,0.0,91,140160,买盘
1284,10:37:07,15.4,0.0,13,20020,卖盘
1285,10:37:10,15.41,0.01,62,95522,买盘
1286,10:37:13,15.4,-0.01,12,18483,卖盘
1287,10:37:16,15.4,0.0,250,385053,卖盘
1288,10:37:19,15.4,0.0,52,80118,卖盘
1289,10:37:22,15.4,0.0,127,195587,卖盘
1290,10:37:25,15.41,0.01,171,263467,买盘
1291,10:37:31,15.41,0.0,55,84752,买盘
1292,10:37:34,15.4,-0.01,23,35420,卖盘
1293,10:37:37,15.41,0.01,76,117116,买盘
1294,10:37:40,15.41,0.0,19,29278,买盘
1295,10:37:43,15.41,0.0,33,50843,买盘
1296,10:37:46,15.41,0.0,20,30820,买盘
1297,10:37:49,15.41,0.0,19,29279,买盘
1298,10:37:52,15.41,0.0,34,52393,买盘
1299,10:37:55,15.4,-0.01,84,129443,卖盘
1300,10:37:58,15.41,0.01,31,48042,买盘
1301,10:38:05,15.43,0.02,259,399408,买盘
1302,10:38:07,15.41,-0.02,5,7705,卖盘
1303,10:38:10,15.41,0.0,16,24666,卖盘
1304,10:38:13,15.42,0.01,12,18494,买盘
1305,10:38:16,15.41,-0.01,145,223478,卖盘
1306,10:38:19,15.42,0.01,9,13875,中性盘
1307,10:38:22,15.42,0.0,22,33924,卖盘
1308,10:38:25,15.42,0.0,10,15420,卖盘
1309,10:38:28,15.42,0.0,205,316310,卖盘
1310,10:38:31,15.42,0.0,11,16962,卖盘
1311,10:38:34,15.42,0.0,52,80184,卖盘
1312,10:38:37,15.42,0.0,19,29298,买盘
1313,10:38:43,15.42,0.0,31,47802,买盘
1314,10:38:46,15.42,0.0,29,44718,买盘
1315,10:38:49,15.41,-0.01,25,38525,卖盘
1316,10:38:52,15.41,0.0,66,101707,卖盘
1317,10:38:55,15.41,0.0,8,12328,卖盘
1318,10:38:58,15.41,0.0,9,13869,卖盘
1319,10:39:01,15.42,0.01,110,169605,买盘
1320,10:39:04,15.41,-0.01,29,44690,卖盘
1321,10:39:10,15.42,0.01,50,77100,买盘
1322,10:39:13,15.41,-0.01,45,69355,卖盘
1323,10:39:16,15.41,0.0,13,20043,卖盘
1324,10:39:19,15.42,0.01,40,61670,买盘
1325,10:39:22,15.42,0.0,32,49344,买盘
1326,10:39:25,15.42,0.0,80,123360,卖盘
1327,10:39:27,15.42,0.0,4,6168,卖盘
1328,10:39:34,15.42,0.0,5,7710,卖盘
1329,10:39:37,15.42,0.0,32,49364,卖盘
1330,10:39:40,15.43,0.01,236,364146,买盘
1331,10:39:43,15.43,0.0,142,219078,卖盘
1332,10:39:46,15.43,0.0,2,3086,卖盘
1333,10:39:49,15.43,0.0,45,69438,卖盘
1334,10:39:52,15.43,0.0,50,77150,卖盘
1335,10:39:55,15.43,0.0,13,20059,买盘
1336,10:39:58,15.42,-0.01,21,32402,卖盘
1337,10:40:01,15.42,0.0,18,27756,卖盘
1338,10:40:04,15.42,0.0,38,58596,卖盘
1339,10:40:07,15.42,0.0,31,47832,卖盘
1340,10:40:10,15.43,0.01,30,46290,买盘
1341,10:40:13,15.42,-0.01,10,15420,卖盘
1342,10:40:16,15.42,0.0,26,40092,卖盘
1343,10:40:22,15.43,0.01,274,422777,买盘
1344,10:40:25,15.42,-0.01,33,50904,卖盘
1345,10:40:28,15.43,0.01,29,44747,中性盘
1346,10:40:31,15.43,0.0,3,4629,买盘
1347,10:40:34,15.42,-0.01,1,1542,卖盘
1348,10:40:37,15.43,0.01,5,7715,买盘
1349,10:40:40,15.43,0.0,74,114170,买盘
1350,10:40:43,15.43,0.0,4,6172,卖盘
1351,10:40:46,15.44,0.01,5,7720,买盘
1352,10:40:52,15.43,-0.01,85,131205,卖盘
1353,10:40:55,15.43,0.0,5,7715,卖盘
1354,10:40:58,15.42,-0.01,662,1021231,卖盘
1355,10:41:04,15.43,0.01,28,43204,买盘
1356,10:41:07,15.43,0.0,22,33946,卖盘
1357,10:41:13,15.43,0.0,23,35489,卖盘
1358,10:41:16,15.43,0.0,10,15430,卖盘
1359,10:41:19,15.44,0.01,9,13896,买盘
1360,10:41:22,15.44,0.0,92,142028,买盘
1361,10:41:28,15.44,0.0,12,18526,买盘
1362,10:41:31,15.44,0.0,87,134328,买盘
1363,10:41:34,15.44,0.0,161,248584,买盘
1364,10:41:37,15.44,0.0,60,92640,买盘
1365,10:41:40,15.44,0.0,38,58672,买盘
1366,10:41:43,15.44,0.0,61,94184,买盘
1367,10:41:49,15.44,0.0,5,7720,卖盘
1368,10:41:52,15.45,0.01,32,49440,买盘
1369,10:41:55,15.45,0.0,905,1398349,买盘
1370,10:41:58,15.45,0.0,15,23184,卖盘
1371,10:42:01,15.46,0.01,21,32463,买盘
1372,10:42:04,15.46,0.0,116,179340,买盘
1373,10:42:07,15.47,0.01,125,193275,买盘
1374,10:42:10,15.46,-0.01,7,10822,卖盘
1375,10:42:13,15.46,0.0,98,151599,卖盘
1376,10:42:16,15.47,0.01,65,100555,买盘
1377,10:42:19,15.47,0.0,5,7734,买盘
1378,10:42:21,15.46,-0.01,30,46380,卖盘
1379,10:42:25,15.46,0.0,51,78896,卖盘
1380,10:42:28,15.46,0.0,135,208744,卖盘
1381,10:42:31,15.47,0.01,97,150058,买盘
1382,10:42:37,15.48,0.01,97,150105,买盘
1383,10:42:40,15.48,0.0,219,339004,买盘
1384,10:42:43,15.46,-0.02,10,15460,卖盘
1385,10:42:46,15.47,0.01,14,21658,买盘
1386,10:42:49,15.46,-0.01,20,30930,卖盘
1387,10:42:52,15.47,0.01,19,29393,买盘
1388,10:42:55,15.47,0.0,100,154700,买盘
1389,10:42:58,15.47,0.0,98,151606,买盘
1390,10:43:00,15.47,0.0,13,20111,买盘
1391,10:43:05,15.46,-0.01,115,177855,卖盘
1392,10:43:07,15.46,0.0,16,24746,卖盘
1393,10:43:09,15.47,0.01,302,467194,买盘
1394,10:43:13,15.47,0.0,38,58786,卖盘
1395,10:43:16,15.47,0.0,5,7735,卖盘
1396,10:43:19,15.47,0.0,70,108300,卖盘
1397,10:43:22,15.47,0.0,130,201110,卖盘
1398,10:43:24,15.48,0.01,64,99016,买盘
1399,10:43:28,15.47,-0.01,3,4641,卖盘
1400,10:43:31,15.47,0.0,26,40227,卖盘
1401,10:43:34,15.47,0.0,519,803401,卖盘
1402,10:43:37,15.47,0.0,178,275366,卖盘
1403,10:43:40,15.48,0.01,122,188824,买盘
1404,10:43:43,15.47,-0.01,302,467494,卖盘
1405,10:43:46,15.48,0.01,138,213611,买盘
1406,10:43:49,15.47,-0.01,48,74286,卖盘
1407,10:43:52,15.48,0.01,580,898262,买盘
1408,10:43:55,15.48,0.0,7,10836,卖盘
1409,10:43:58,15.47,-0.01,20,30941,卖盘
1410,10:44:01,15.47,0.0,14,21658,卖盘
1411,10:44:04,15.48,0.01,16,24767,买盘
1412,10:44:07,15.48,0.0,2,3096,买盘
1413,10:44:10,15.48,0.0,153,236787,买盘
1414,10:44:13,15.47,-0.01,52,80476,卖盘
1415,10:44:16,15.48,0.01,240,371520,买盘
1416,10:44:19,15.48,0.0,112,173376,买盘
1417,10:44:22,15.48,0.0,121,187229,买盘
1418,10:44:25,15.49,0.01,389,602184,买盘
1419,10:44:31,15.47,-0.02,9,13928,卖盘
1420,10:44:34,15.49,0.02,74,114615,买盘
1421,10:44:37,15.48,-0.01,52,80497,卖盘
1422,10:44:40,15.48,0.0,240,371520,买盘
1423,10:44:43,15.48,0.0,57,88236,卖盘
1424,10:44:46,15.48,0.0,111,172602,卖盘
1425,10:44:49,15.48,0.0,30,45673,卖盘
1426,10:44:52,15.48,0.0,6,9288,买盘
1427,10:44:58,15.48,0.0,93,144749,买盘
1428,10:45:01,15.48,0.0,14,21672,卖盘
1429,10:45:04,15.49,0.01,45,69667,买盘
1430,10:45:07,15.48,-0.01,3,4644,卖盘
1431,10:45:10,15.48,0.0,17,26316,卖盘
1432,10:45:13,15.49,0.01,63,97587,买盘
1433,10:45:16,15.48,-0.01,20,30960,卖盘
1434,10:45:19,15.48,0.0,329,509292,卖盘
1435,10:45:22,15.48,0.0,93,144043,卖盘
1436,10:45:25,15.49,0.01,94,145538,买盘
1437,10:45:28,15.48,-0.01,4,5418,卖盘
1438,10:45:31,15.48,0.0,77,119179,买盘
1439,10:45:34,15.48,0.0,135,208980,买盘
1440,10:45:37,15.48,0.0,26,40238,买盘
1441,10:45:40,15.48,0.0,155,239935,买盘
1442,10:45:43,15.47,-0.01,10,15470,卖盘
1443,10:45:46,15.48,0.01,21,32508,买盘
1444,10:45:52,15.48,0.0,28,43320,买盘
1445,10:45:55,15.48,0.0,50,77400,买盘
1446,10:45:58,15.47,-0.01,112,173296,卖盘
1447,10:46:01,15.48,0.01,6,9288,买盘
1448,10:46:05,15.46,-0.02,16,24751,卖盘
1449,10:46:07,15.48,0.02,90,139227,买盘
1450,10:46:10,15.46,-0.02,21,32466,卖盘
1451,10:46:13,15.47,0.01,27,41768,买盘
1452,10:46:16,15.47,0.0,1,1547,卖盘
1453,10:46:19,15.46,-0.01,13,20104,卖盘
1454,10:46:22,15.48,0.02,33,51031,买盘
1455,10:46:28,15.47,-0.01,4,6188,买盘
1456,10:46:31,15.46,-0.01,38,58774,卖盘
1457,10:46:34,15.46,0.0,86,132966,卖盘
1458,10:46:37,15.46,0.0,277,428242,卖盘
1459,10:46:40,15.48,0.02,172,266044,买盘
1460,10:46:42,15.46,-0.02,54,83454,中性盘
1461,10:46:46,15.46,0.0,6,9274,中性盘
1462,10:46:49,15.46,0.0,63,97397,买盘
1463,10:46:52,15.45,-0.01,356,550060,卖盘
1464,10:46:55,15.46,0.01,16,24721,买盘
1465,10:47:01,15.45,-0.01,76,117420,卖盘
1466,10:47:04,15.45,0.0,53,81885,卖盘
1467,10:47:12,15.45,0.0,20,30900,卖盘
1468,10:47:16,15.45,0.0,5,7725,卖盘
1469,10:47:19,15.45,0.0,42,64890,卖盘
1470,10:47:22,15.45,0.0,13,20085,卖盘
1471,10:47:25,15.45,0.0,2,3090,卖盘
1472,10:47:28,15.45,0.0,50,77250,卖盘
1473,10:47:31,15.45,0.0,11,16995,卖盘
1474,10:47:34,15.45,0.0,61,94245,卖盘
1475,10:47:37,15.45,0.0,10,15450,买盘
1476,10:47:42,15.44,-0.01,7,10808,卖盘
1477,10:47:46,15.44,0.0,4,6177,卖盘
1478,10:47:51,15.44,0.0,50,77216,卖盘
1479,10:47:55,15.45,0.01,259,399927,买盘
1480,10:47:58,15.45,0.0,5,7721,买盘
1481,10:48:01,15.45,0.0,36,55598,买盘
1482,10:48:04,15.45,0.0,90,139045,买盘
1483,10:48:07,15.45,0.0,8,12357,买盘
1484,10:48:10,15.44,-0.01,17,26248,卖盘
1485,10:48:13,15.45,0.01,21,32434,买盘
1486,10:48:16,15.45,0.0,40,61794,买盘
1487,10:48:19,15.44,-0.01,113,174472,卖盘
1488,10:48:22,15.45,0.01,123,190006,买盘
1489,10:48:25,15.45,0.0,102,157544,买盘
1490,10:48:31,15.44,-0.01,94,145225,卖盘
1491,10:48:34,15.46,0.02,85,131298,买盘
1492,10:48:37,15.44,-0.02,1,1544,卖盘
1493,10:48:40,15.44,0.0,32,49408,卖盘
1494,10:48:43,15.45,0.01,8,12360,买盘
1495,10:48:46,15.45,0.0,35,54073,买盘
1496,10:48:49,15.44,-0.01,4,6176,卖盘
1497,10:48:52,15.45,0.01,1,1545,买盘
1498,10:48:55,15.43,-0.02,119,183734,卖盘
1499,10:48:58,15.45,0.02,162,250255,买盘
1500,10:49:01,15.43,-0.02,1,1543,卖盘
1501,10:49:05,15.44,0.01,33,50931,买盘
1502,10:49:07,15.45,0.01,51,78795,买盘
1503,10:49:13,15.45,0.0,1,1545,买盘
1504,10:49:16,15.44,-0.01,209,322528,卖盘
1505,10:49:19,15.45,0.01,105,162178,买盘
1506,10:49:25,15.43,-0.02,30,46290,卖盘
1507,10:49:34,15.43,0.0,28,43204,卖盘
1508,10:49:37,15.43,0.0,10,15430,卖盘
1509,10:49:40,15.44,0.01,30,46310,买盘
1510,10:49:43,15.43,-0.01,12,18522,卖盘
1511,10:49:46,15.45,0.02,15,23175,买盘
1512,10:49:49,15.43,-0.02,3,4629,卖盘
1513,10:49:52,15.43,0.0,5,7715,卖盘
1514,10:49:55,15.45,0.02,119,183755,买盘
1515,10:49:57,15.43,-0.02,3,4629,卖盘
1516,10:50:01,15.44,0.01,7,10808,买盘
1517,10:50:05,15.44,0.0,9,13896,买盘
1518,10:50:07,15.44,0.0,53,81832,买盘
1519,10:50:09,15.44,0.0,26,40144,卖盘
1520,10:50:13,15.45,0.01,78,121282,买盘
1521,10:50:16,15.46,0.01,87,134501,买盘
1522,10:50:19,15.45,-0.01,9,13905,卖盘
1523,10:50:22,15.44,-0.01,32,48672,卖盘
1524,10:50:25,15.44,0.0,48,74153,卖盘
1525,10:50:28,15.45,0.01,28,43260,买盘
1526,10:50:31,15.45,0.0,30,46350,买盘
1527,10:50:39,15.45,0.0,119,184618,买盘
1528,10:50:43,15.46,0.01,104,159985,买盘
1529,10:50:46,15.46,0.0,11,17001,买盘
1530,10:50:49,15.45,-0.01,9,13913,中性盘
1531,10:50:52,15.45,0.0,26,40189,卖盘
1532,10:50:58,15.45,0.0,585,905194,卖盘
1533,10:51:01,15.45,0.0,245,378993,卖盘
1534,10:51:05,15.46,0.01,59,91175,中性盘
1535,10:51:07,15.47,0.01,16,24752,买盘
1536,10:51:10,15.48,0.01,463,716332,买盘
1537,10:51:13,15.48,0.0,230,355994,买盘
1538,10:51:16,15.47,-0.01,89,137763,卖盘
1539,10:51:18,15.47,0.0,107,165625,卖盘
1540,10:51:25,15.48,0.01,87,134676,买盘
1541,10:51:28,15.48,0.0,19,29412,买盘
1542,10:51:31,15.48,0.0,42,65016,买盘
1543,10:51:34,15.48,0.0,238,368407,买盘
1544,10:51:37,15.47,-0.01,5,7738,卖盘
1545,10:51:40,15.47,0.0,142,219789,卖盘
1546,10:51:43,15.48,0.01,161,249228,买盘
1547,10:51:46,15.48,0.0,56,86678,买盘
1548,10:51:49,15.47,-0.01,128,198138,卖盘
1549,10:51:52,15.48,0.01,106,164087,买盘
1550,10:51:55,15.48,0.0,56,86697,卖盘
1551,10:51:57,15.48,0.0,345,534060,卖盘
1552,10:52:01,15.48,0.0,90,139320,买盘
1553,10:52:04,15.48,0.0,39,60372,买盘
1554,10:52:07,15.47,-0.01,14,21663,卖盘
1555,10:52:10,15.48,0.01,40,61920,买盘
1556,10:52:12,15.48,0.0,5,7740,买盘
1557,10:52:16,15.47,-0.01,12,18564,卖盘
1558,10:52:19,15.48,0.01,83,128447,买盘
1559,10:52:22,15.48,0.0,1,1548,买盘
1560,10:52:25,15.48,0.0,18,27856,买盘
1561,10:52:28,15.48,0.0,1,1548,买盘
1562,10:52:31,15.48,0.0,40,61890,买盘
1563,10:52:34,15.48,0.0,142,219731,买盘
1564,10:52:37,15.48,0.0,58,89760,买盘
1565,10:52:43,15.47,-0.01,200,309400,卖盘
1566,10:52:46,15.47,0.0,39,60333,卖盘
1567,10:52:49,15.47,0.0,35,54145,买盘
1568,10:52:52,15.47,0.0,11,17017,买盘
1569,10:52:55,15.45,-0.02,248,383396,卖盘
1570,10:52:58,15.46,0.01,80,123690,买盘
1571,10:53:01,15.46,0.0,1,1546,卖盘
1572,10:53:05,15.46,0.0,11,17006,卖盘
1573,10:53:07,15.46,0.0,2,3092,卖盘
1574,10:53:10,15.46,0.0,12,18552,卖盘
1575,10:53:13,15.46,0.0,4,6184,卖盘
1576,10:53:16,15.46,0.0,29,44834,卖盘
1577,10:53:18,15.46,0.0,13,20091,买盘
1578,10:53:22,15.47,0.01,40,61880,买盘
1579,10:53:25,15.46,-0.01,46,71116,卖盘
1580,10:53:28,15.46,0.0,29,44847,卖盘
1581,10:53:30,15.46,0.0,22,34012,卖盘
1582,10:53:34,15.46,0.0,6,9281,卖盘
1583,10:53:37,15.46,0.0,105,162344,卖盘
1584,10:53:42,15.46,0.0,79,122134,卖盘
1585,10:53:46,15.46,0.0,15,23190,卖盘
1586,10:53:49,15.46,0.0,43,66478,卖盘
1587,10:53:52,15.46,0.0,26,40196,卖盘
1588,10:53:55,15.46,0.0,19,29374,卖盘
1589,10:54:01,15.46,0.0,76,117496,卖盘
1590,10:54:05,15.46,0.0,4,6184,卖盘
1591,10:54:07,15.46,0.0,34,52564,卖盘
1592,10:54:09,15.47,0.01,4,6188,买盘
1593,10:54:12,15.46,-0.01,19,29374,卖盘
1594,10:54:18,15.46,0.0,32,49490,卖盘
1595,10:54:22,15.46,0.0,10,15460,卖盘
1596,10:54:25,15.46,0.0,71,109766,卖盘
1597,10:54:28,15.46,0.0,2,3092,中性盘
1598,10:54:34,15.45,-0.01,11,16996,卖盘
1599,10:54:36,15.46,0.01,38,58748,买盘
1600,10:54:42,15.46,0.0,173,267544,买盘
1601,10:54:46,15.46,0.0,107,165422,卖盘
1602,10:54:49,15.46,0.0,23,35558,卖盘
1603,10:54:52,15.45,-0.01,51,78840,卖盘
1604,10:54:55,15.46,0.01,103,159237,买盘
1605,10:54:57,15.45,-0.01,551,851296,卖盘
1606,10:55:04,15.45,0.0,45,69525,卖盘
1607,10:55:07,15.45,0.0,53,81885,卖盘
1608,10:55:10,15.46,0.01,69,106674,买盘
1609,10:55:13,15.45,-0.01,103,159135,卖盘
1610,10:55:16,15.45,0.0,5,7725,卖盘
1611,10:55:19,15.45,0.0,5,7725,卖盘
1612,10:55:21,15.46,0.01,28,43288,买盘
1613,10:55:28,15.46,0.0,590,912131,买盘
1614,10:55:31,15.46,0.0,2,3092,买盘
1615,10:55:34,15.46,0.0,158,244212,买盘
1616,10:55:37,15.47,0.01,14,21640,买盘
1617,10:55:40,15.47,0.0,82,126832,买盘
1618,10:55:46,15.46,-0.01,4,6187,卖盘
1619,10:55:52,15.46,0.0,24,37104,卖盘
1620,10:55:58,15.47,0.01,27,41752,买盘
1621,10:56:05,15.47,0.0,7,10829,买盘
1622,10:56:07,15.46,-0.01,135,208760,卖盘
1623,10:56:10,15.46,0.0,61,94326,卖盘
1624,10:56:12,15.47,0.01,2,3094,买盘
1625,10:56:16,15.46,-0.01,6,9276,卖盘
1626,10:56:18,15.47,0.01,40,61880,买盘
1627,10:56:22,15.46,-0.01,23,35565,卖盘
1628,10:56:24,15.45,-0.01,591,913442,卖盘
1629,10:56:28,15.45,0.0,278,429510,买盘
1630,10:56:30,15.46,0.01,18,27823,买盘
1631,10:56:34,15.46,0.0,56,86581,卖盘
1632,10:56:37,15.46,0.0,38,58748,卖盘
1633,10:56:40,15.46,0.0,45,69570,卖盘
1634,10:56:49,15.45,-0.01,66,102010,卖盘
1635,10:56:52,15.45,0.0,25,38647,卖盘
1636,10:56:55,15.46,0.01,60,92780,买盘
1637,10:56:58,15.45,-0.01,74,114358,卖盘
1638,10:57:01,15.45,0.0,11,16995,卖盘
1639,10:57:05,15.46,0.01,10,15460,卖盘
1640,10:57:07,15.46,0.0,2,3092,卖盘
1641,10:57:10,15.47,0.01,58,89678,买盘
1642,10:57:13,15.46,-0.01,5,7730,卖盘
1643,10:57:16,15.46,0.0,10,15460,卖盘
1644,10:57:19,15.46,0.0,5,7730,卖盘
1645,10:57:22,15.47,0.01,50,77350,买盘
1646,10:57:25,15.46,-0.01,56,86626,卖盘
1647,10:57:28,15.47,0.01,198,306306,买盘
1648,10:57:31,15.47,0.0,64,98997,买盘
1649,10:57:34,15.47,0.0,9,13923,买盘
1650,10:57:37,15.47,0.0,77,119119,买盘
1651,10:57:40,15.47,0.0,2,3093,买盘
1652,10:57:43,15.47,0.0,86,133012,买盘
1653,10:57:46,15.46,-0.01,490,757622,卖盘
1654,10:57:49,15.46,0.0,160,247360,买盘
1655,10:57:52,15.46,0.0,158,244268,买盘
1656,10:57:55,15.46,0.0,167,258182,买盘
1657,10:57:58,15.47,0.01,289,447083,买盘
1658,10:58:01,15.47,0.0,73,112931,买盘
1659,10:58:04,15.47,0.0,6,9282,买盘
1660,10:58:07,15.46,-0.01,28,43308,卖盘
1661,10:58:09,15.47,0.01,292,451711,买盘
1662,10:58:13,15.46,-0.01,20,30935,卖盘
1663,10:58:16,15.47,0.01,31,47957,买盘
1664,10:58:19,15.47,0.0,90,138456,买盘
1665,10:58:22,15.47,0.0,162,251388,卖盘
1666,10:58:25,15.47,0.0,55,85085,买盘
1667,10:58:28,15.47,0.0,1,1547,买盘
1668,10:58:31,15.47,0.0,1490,2303563,买盘
1669,10:58:34,15.47,0.0,23,35581,买盘
1670,10:58:37,15.47,0.0,40,61880,买盘
1671,10:58:40,15.47,0.0,43,66433,买盘
1672,10:58:42,15.47,0.0,59,91211,买盘
1673,10:58:46,15.47,0.0,30,46410,买盘
1674,10:58:52,15.45,-0.02,35,54104,卖盘
1675,10:58:55,15.46,0.01,36,55656,买盘
1676,10:58:58,15.47,0.01,10,15470,买盘
1677,10:59:01,15.46,-0.01,17,26282,卖盘
1678,10:59:10,15.47,0.01,7,10829,买盘
1679,10:59:16,15.46,-0.01,11,17006,卖盘
1680,10:59:19,15.46,0.0,54,83516,卖盘
1681,10:59:22,15.46,0.0,163,252131,卖盘
1682,10:59:25,15.47,0.01,33,51043,买盘
1683,10:59:28,15.46,-0.01,2,3092,卖盘
1684,10:59:31,15.46,0.0,75,115950,卖盘
1685,10:59:43,15.46,0.0,16,24738,卖盘
1686,10:59:46,15.46,0.0,47,72662,卖盘
1687,10:59:49,15.46,0.0,505,781224,卖盘
1688,10:59:51,15.45,-0.01,317,489885,卖盘
1689,10:59:55,15.45,0.0,72,111240,买盘
1690,10:59:57,15.45,0.0,23,35535,买盘
1691,11:00:01,15.45,0.0,88,135947,买盘
1692,11:00:05,15.45,0.0,42,64870,买盘
1693,11:00:06,15.47,0.02,623,962585,买盘
1694,11:00:12,15.47,0.0,355,549185,买盘
1695,11:00:16,15.47,0.0,610,943679,买盘
1696,11:00:19,15.48,0.01,472,730656,买盘
1697,11:00:22,15.46,-0.02,400,619030,卖盘
1698,11:00:25,15.46,0.0,303,468671,卖盘
1699,11:00:27,15.48,0.02,344,532354,买盘
1700,11:00:31,15.47,-0.01,37,57269,中性盘
1701,11:00:33,15.47,0.0,405,626714,买盘
1702,11:00:37,15.48,0.01,68,105264,买盘
1703,11:00:39,15.48,0.0,427,660979,买盘
1704,11:00:42,15.48,0.0,127,196559,买盘
1705,11:00:46,15.48,0.0,207,319612,买盘
1706,11:00:49,15.47,-0.01,160,247776,卖盘
1707,11:00:52,15.48,0.01,17,26316,买盘
1708,11:00:55,15.48,0.0,55,85140,买盘
1709,11:00:58,15.48,0.0,45,69660,买盘
1710,11:01:01,15.48,0.0,83,128448,买盘
1711,11:01:04,15.48,0.0,132,204336,买盘
1712,11:01:07,15.47,-0.01,80,123814,卖盘
1713,11:01:09,15.48,0.01,48,74281,买盘
1714,11:01:13,15.48,0.0,6,9288,买盘
1715,11:01:16,15.48,0.0,19,29402,买盘
1716,11:01:19,15.48,0.0,146,225872,买盘
1717,11:01:22,15.48,0.0,228,352943,买盘
1718,11:01:25,15.47,-0.01,60,92820,卖盘
1719,11:01:28,15.47,0.0,16,25526,卖盘
1720,11:01:34,15.47,0.0,123,189508,买盘
1721,11:01:37,15.48,0.01,59,91283,买盘
1722,11:01:40,15.47,-0.01,390,603337,卖盘
1723,11:01:43,15.47,0.0,183,283874,卖盘
1724,11:01:45,15.47,0.0,221,341887,买盘
1725,11:01:49,15.47,0.0,104,160888,买盘
1726,11:01:52,15.46,-0.01,144,222746,卖盘
1727,11:01:55,15.47,0.01,37,57232,买盘
1728,11:01:58,15.48,0.01,584,903612,买盘
1729,11:02:01,15.47,-0.01,5,7735,卖盘
1730,11:02:04,15.47,0.0,74,114529,卖盘
1731,11:02:07,15.48,0.01,1,1548,买盘
1732,11:02:10,15.47,-0.01,25,38693,卖盘
1733,11:02:13,15.47,0.0,452,699244,卖盘
1734,11:02:16,15.47,0.0,51,78897,买盘
1735,11:02:22,15.47,0.0,45,69622,卖盘
1736,11:02:25,15.47,0.0,507,783948,卖盘
1737,11:02:27,15.47,0.0,20,30940,买盘
1738,11:02:34,15.47,0.0,14,21658,卖盘
1739,11:02:37,15.48,0.01,11,17019,买盘
1740,11:02:40,15.47,-0.01,6,9282,卖盘
1741,11:02:43,15.47,0.0,151,233597,卖盘
1742,11:02:46,15.47,0.0,6,9282,买盘
1743,11:02:49,15.46,-0.01,19,29382,卖盘
1744,11:02:52,15.47,0.01,546,844661,买盘
1745,11:02:55,15.47,0.0,20,30940,买盘
1746,11:02:58,15.46,-0.01,55,85030,卖盘
1747,11:03:01,15.47,0.01,153,236691,买盘
1748,11:03:05,15.46,-0.01,12,18552,卖盘
1749,11:03:07,15.47,0.01,19,29393,买盘
1750,11:03:09,15.47,0.0,484,748748,买盘
1751,11:03:16,15.47,0.0,15,23205,卖盘
1752,11:03:19,15.49,0.02,2046,3167633,买盘
1753,11:03:22,15.49,0.0,1403,2173822,买盘
1754,11:03:25,15.52,0.03,4078,6321996,买盘
1755,11:03:28,15.54,0.02,1332,2067975,买盘
1756,11:03:31,15.55,0.01,519,806783,买盘
1757,11:03:34,15.55,0.0,1667,2592149,买盘
1758,11:03:37,15.55,0.0,1019,1584545,买盘
1759,11:03:40,15.56,0.01,1240,1930162,买盘
1760,11:03:43,15.56,0.0,1014,1578201,卖盘
1761,11:03:46,15.58,0.02,385,599725,买盘
1762,11:03:49,15.58,0.0,440,685520,买盘
1763,11:03:52,15.58,0.0,1046,1629558,买盘
1764,11:03:55,15.59,0.01,453,705958,买盘
1765,11:03:58,15.59,0.0,284,442743,买盘
1766,11:04:01,15.58,-0.01,925,1441697,卖盘
1767,11:04:04,15.57,-0.01,530,825774,卖盘
1768,11:04:07,15.57,0.0,555,863917,卖盘
1769,11:04:10,15.56,-0.01,453,704914,中性盘
1770,11:04:13,15.56,0.0,86,133769,买盘
1771,11:04:16,15.55,-0.01,226,351329,中性盘
1772,11:04:19,15.56,0.01,461,717111,买盘
1773,11:04:22,15.57,0.01,758,1179961,买盘
1774,11:04:25,15.57,0.0,636,990252,卖盘
1775,11:04:28,15.56,-0.01,417,649106,卖盘
1776,11:04:31,15.57,0.01,236,367392,买盘
1777,11:04:34,15.56,-0.01,268,417155,中性盘
1778,11:04:37,15.56,0.0,199,309684,买盘
1779,11:04:40,15.57,0.01,450,700376,买盘
1780,11:04:43,15.56,-0.01,571,887976,买盘
1781,11:04:46,15.56,0.0,7,10890,买盘
1782,11:04:49,15.56,0.0,53,82483,卖盘
1783,11:04:52,15.55,-0.01,87,135360,卖盘
1784,11:04:55,15.55,0.0,37,57564,卖盘
1785,11:04:58,15.55,0.0,300,466556,卖盘
1786,11:05:01,15.55,0.0,5,7775,买盘
1787,11:05:04,15.55,0.0,102,158598,买盘
1788,11:05:07,15.55,0.0,31,48200,买盘
1789,11:05:10,15.55,0.0,30,46645,买盘
1790,11:05:13,15.55,0.0,99,153900,买盘
1791,11:05:16,15.54,-0.01,474,736743,卖盘
1792,11:05:19,15.54,0.0,202,314010,卖盘
1793,11:05:22,15.54,0.0,63,97915,中性盘
1794,11:05:25,15.53,-0.01,92,142913,卖盘
1795,11:05:28,15.54,0.01,22,34188,买盘
1796,11:05:31,15.55,0.01,208,323388,买盘
1797,11:05:34,15.55,0.0,146,227027,买盘
1798,11:05:37,15.56,0.01,105,163304,买盘
1799,11:05:40,15.55,-0.01,130,202169,卖盘
1800,11:05:43,15.57,0.02,813,1265748,买盘
1801,11:05:45,15.57,0.0,659,1026572,买盘
1802,11:05:49,15.59,0.02,166,258616,买盘
1803,11:05:52,15.59,0.0,222,346076,买盘
1804,11:05:55,15.6,0.01,1408,2194506,买盘
1805,11:05:57,15.6,0.0,1863,2905817,买盘
1806,11:06:01,15.6,0.0,1765,2753385,买盘
1807,11:06:05,15.6,0.0,468,730170,买盘
1808,11:06:06,15.6,0.0,269,419731,卖盘
1809,11:06:10,15.6,0.0,1924,3002427,卖盘
1810,11:06:12,15.6,0.0,256,399417,买盘
1811,11:06:16,15.57,-0.03,405,631097,卖盘
1812,11:06:18,15.57,0.0,467,727507,卖盘
1813,11:06:22,15.57,0.0,1121,1746398,买盘
1814,11:06:25,15.56,-0.01,747,1162512,卖盘
1815,11:06:28,15.56,0.0,228,354768,买盘
1816,11:06:31,15.56,0.0,1892,2943058,买盘
1817,11:06:34,15.55,-0.01,514,799270,卖盘
1818,11:06:37,15.55,0.0,234,363870,买盘
1819,11:06:39,15.55,0.0,192,298560,买盘
1820,11:06:43,15.57,0.02,305,474547,买盘
1821,11:06:46,15.55,-0.02,83,129071,卖盘
1822,11:06:49,15.56,0.01,26,40440,中性盘
1823,11:06:52,15.57,0.01,47,73151,买盘
1824,11:06:55,15.57,0.0,611,951459,买盘
1825,11:06:58,15.58,0.01,54,84050,买盘
1826,11:07:01,15.56,-0.02,68,105923,卖盘
1827,11:07:04,15.57,0.01,58,90272,中性盘
1828,11:07:07,15.56,-0.01,215,334546,卖盘
1829,11:07:09,15.56,0.0,200,311225,买盘
1830,11:07:13,15.56,0.0,147,228739,卖盘
1831,11:07:16,15.56,0.0,323,502465,买盘
1832,11:07:18,15.56,0.0,381,592776,买盘
1833,11:07:21,15.56,0.0,117,181947,买盘
1834,11:07:25,15.56,0.0,98,152448,买盘
1835,11:07:28,15.56,0.0,334,519704,买盘
1836,11:07:31,15.56,0.0,266,413842,买盘
1837,11:07:34,15.56,0.0,710,1104676,卖盘
1838,11:07:37,15.54,-0.02,2275,3536238,卖盘
1839,11:07:40,15.56,0.02,552,858311,买盘
1840,11:07:42,15.53,-0.03,58,90112,中性盘
1841,11:07:46,15.55,0.02,14,21768,买盘
1842,11:07:49,15.54,-0.01,90,139791,中性盘
1843,11:07:52,15.5,-0.04,1091,1692365,卖盘
1844,11:07:55,15.5,0.0,225,348750,买盘
1845,11:07:57,15.5,0.0,19,29450,买盘
1846,11:08:01,15.5,0.0,421,652550,买盘
1847,11:08:07,15.5,0.0,13,20156,卖盘
1848,11:08:10,15.54,0.04,10,15524,买盘
1849,11:08:13,15.52,-0.02,10,15520,卖盘
1850,11:08:16,15.52,0.0,116,180030,卖盘
1851,11:08:19,15.52,0.0,109,169168,买盘
1852,11:08:22,15.52,0.0,50,77600,买盘
1853,11:08:25,15.52,0.0,343,532347,买盘
1854,11:08:28,15.52,0.0,99,153737,卖盘
1855,11:08:31,15.52,0.0,81,125782,卖盘
1856,11:08:34,15.53,0.01,323,501297,买盘
1857,11:08:37,15.53,0.0,257,399111,买盘
1858,11:08:40,15.52,-0.01,251,389564,卖盘
1859,11:08:42,15.53,0.01,77,119581,买盘
1860,11:08:46,15.52,-0.01,125,194013,卖盘
1861,11:08:49,15.53,0.01,53,82309,买盘
1862,11:08:52,15.53,0.0,37,57461,买盘
1863,11:08:55,15.53,0.0,31,48143,卖盘
1864,11:08:58,15.53,0.0,192,298176,买盘
1865,11:09:01,15.53,0.0,194,301272,买盘
1866,11:09:05,15.53,0.0,280,434840,买盘
1867,11:09:06,15.53,0.0,31,48143,买盘
1868,11:09:10,15.54,0.01,54,83879,买盘
1869,11:09:16,15.53,-0.01,323,501619,卖盘
1870,11:09:18,15.53,0.0,127,197269,卖盘
1871,11:09:22,15.53,0.0,268,416407,卖盘
1872,11:09:25,15.53,0.0,73,113378,卖盘
1873,11:09:28,15.52,-0.01,5,7760,卖盘
1874,11:09:31,15.53,0.01,1,1553,买盘
1875,11:09:34,15.52,-0.01,79,122658,卖盘
1876,11:09:37,15.53,0.01,23,35719,买盘
1877,11:09:39,15.52,-0.01,5,7760,卖盘
1878,11:09:43,15.53,0.01,20,31055,买盘
1879,11:09:46,15.53,0.0,26,40378,买盘
1880,11:09:49,15.53,0.0,40,62100,买盘
1881,11:09:52,15.53,0.0,104,161433,买盘
1882,11:09:55,15.53,0.0,38,59006,买盘
1883,11:09:58,15.52,-0.01,178,276266,卖盘
1884,11:10:01,15.52,0.0,226,350762,卖盘
1885,11:10:04,15.52,0.0,50,77600,买盘
1886,11:10:07,15.52,0.0,24,37245,买盘
1887,11:10:10,15.51,-0.01,6,9311,卖盘
1888,11:10:12,15.51,0.0,51,79141,卖盘
1889,11:10:16,15.51,0.0,333,516483,卖盘
1890,11:10:18,15.52,0.01,51,79151,买盘
1891,11:10:22,15.51,-0.01,70,108590,卖盘
1892,11:10:28,15.52,0.01,36,55872,买盘
1893,11:10:30,15.52,0.0,1,1552,买盘
1894,11:10:34,15.51,-0.01,89,138071,卖盘
1895,11:10:37,15.51,0.0,35,54285,卖盘
1896,11:10:40,15.51,0.0,4,6205,卖盘
1897,11:10:43,15.51,0.0,115,178455,卖盘
1898,11:10:46,15.52,0.01,106,164512,买盘
1899,11:10:49,15.52,0.0,19,29488,买盘
1900,11:10:52,15.52,0.0,117,181534,买盘
1901,11:10:55,15.51,-0.01,10,15510,卖盘
1902,11:10:58,15.52,0.01,53,82256,买盘
1903,11:11:01,15.51,-0.01,4,6204,卖盘
1904,11:11:04,15.51,0.0,30,46530,卖盘
1905,11:11:07,15.51,0.0,58,90014,卖盘
1906,11:11:10,15.52,0.01,73,113296,买盘
1907,11:11:13,15.51,-0.01,17,26367,卖盘
1908,11:11:16,15.5,-0.01,540,837258,卖盘
1909,11:11:19,15.5,0.0,62,96161,卖盘
1910,11:11:22,15.5,0.0,5,7752,卖盘
1911,11:11:25,15.5,0.0,20,31000,卖盘
1912,11:11:28,15.51,0.01,78,120978,买盘
1913,11:11:31,15.51,0.0,21,32591,卖盘
1914,11:11:34,15.52,0.01,1,1552,买盘
1915,11:11:37,15.51,-0.01,441,684151,卖盘
1916,11:11:40,15.51,0.0,62,96162,卖盘
1917,11:11:43,15.51,0.0,62,96167,卖盘
1918,11:11:46,15.5,-0.01,42,65144,卖盘
1919,11:11:49,15.51,0.01,39,60489,买盘
1920,11:11:52,15.51,0.0,50,77550,买盘
1921,11:11:55,15.51,0.0,20,31020,买盘
1922,11:11:58,15.51,0.0,30,46542,买盘
1923,11:12:04,15.51,0.0,8,12408,卖盘
1924,11:12:06,15.52,0.01,55,85341,买盘
1925,11:12:10,15.52,0.0,8,12415,买盘
1926,11:12:12,15.52,0.0,142,220243,买盘
1927,11:12:16,15.52,0.0,10,15520,买盘
1928,11:12:18,15.52,0.0,28,43456,买盘
1929,11:12:22,15.52,0.0,176,273152,买盘
1930,11:12:25,15.52,0.0,30,46560,卖盘
1931,11:12:31,15.53,0.01,13,20189,买盘
1932,11:12:34,15.53,0.0,41,63673,买盘
1933,11:12:37,15.52,-0.01,19,29501,卖盘
1934,11:12:40,15.53,0.01,554,860362,买盘
1935,11:12:43,15.53,0.0,4,6212,卖盘
1936,11:12:45,15.53,0.0,94,145981,买盘
1937,11:12:49,15.53,0.0,439,681767,买盘
1938,11:12:52,15.53,0.0,21,32613,买盘
1939,11:12:55,15.53,0.0,88,136659,买盘
1940,11:12:57,15.53,0.0,62,96286,买盘
1941,11:13:01,15.53,0.0,3,4659,买盘
1942,11:13:05,15.53,0.0,101,156851,买盘
1943,11:13:07,15.52,-0.01,34,52796,卖盘
1944,11:13:10,15.53,0.01,42,65224,买盘
1945,11:13:13,15.53,0.0,115,178545,买盘
1946,11:13:16,15.53,0.0,16,24848,买盘
1947,11:13:19,15.53,0.0,78,121100,买盘
1948,11:13:22,15.52,-0.01,4,6208,卖盘
1949,11:13:25,15.53,0.01,15,23295,买盘
1950,11:13:28,15.53,0.0,33,51249,买盘
1951,11:13:34,15.53,0.0,3,4659,买盘
1952,11:13:37,15.53,0.0,139,215867,买盘
1953,11:13:39,15.53,0.0,64,99392,买盘
1954,11:13:43,15.53,0.0,164,254687,买盘
1955,11:13:46,15.53,0.0,143,222079,买盘
1956,11:13:49,15.53,0.0,18,27954,卖盘
1957,11:13:52,15.53,0.0,84,130452,买盘
1958,11:13:55,15.54,0.01,14,21756,买盘
1959,11:14:01,15.54,0.0,4,6216,买盘
1960,11:14:04,15.53,-0.01,43,66779,卖盘
1961,11:14:07,15.54,0.01,70,108770,买盘
1962,11:14:10,15.54,0.0,20,31080,买盘
1963,11:14:12,15.54,0.0,34,52815,买盘
1964,11:14:16,15.54,0.0,17,26418,买盘
1965,11:14:19,15.54,0.0,12,18638,买盘
1966,11:14:22,15.54,0.0,47,73038,买盘
1967,11:14:25,15.54,0.0,56,87024,买盘
1968,11:14:28,15.53,-0.01,11,17088,卖盘
1969,11:14:31,15.53,0.0,31,48169,卖盘
1970,11:14:34,15.54,0.01,35,54390,买盘
1971,11:14:37,15.53,-0.01,1,1553,卖盘
1972,11:14:40,15.54,0.01,117,181813,买盘
1973,11:14:43,15.53,-0.01,310,481450,卖盘
1974,11:14:46,15.53,0.0,52,80756,买盘
1975,11:14:49,15.54,0.01,147,228380,买盘
1976,11:14:52,15.53,-0.01,20,31070,中性盘
1977,11:14:55,15.54,0.01,236,366636,买盘
1978,11:14:57,15.54,0.0,39,60601,买盘
1979,11:15:01,15.53,-0.01,28,43484,卖盘
1980,11:15:04,15.54,0.01,498,773546,买盘
1981,11:15:07,15.54,0.0,20,31080,买盘
1982,11:15:10,15.52,-0.02,26,40360,卖盘
1983,11:15:13,15.52,0.0,44,68296,卖盘
1984,11:15:18,15.53,0.01,8,12427,卖盘
1985,11:15:22,15.53,0.0,87,135103,卖盘
1986,11:15:25,15.53,0.0,12,18636,卖盘
1987,11:15:28,15.53,0.0,28,43484,卖盘
1988,11:15:30,15.54,0.01,23,35742,买盘
1989,11:15:34,15.53,-0.01,71,110263,卖盘
1990,11:15:36,15.54,0.01,80,124290,买盘
1991,11:15:40,15.54,0.0,2,3108,买盘
1992,11:15:46,15.54,0.0,19,29526,买盘
1993,11:15:49,15.54,0.0,15,23310,买盘
1994,11:15:55,15.53,-0.01,4,6212,卖盘
1995,11:15:58,15.54,0.01,31,48174,买盘
1996,11:16:05,15.54,0.0,4,6216,买盘
1997,11:16:07,15.54,0.0,14,21746,买盘
1998,11:16:10,15.54,0.0,151,234639,买盘
1999,11:16:13,15.54,0.0,7,10878,买盘
2000,11:16:16,15.53,-0.01,20,31070,卖盘
2001,11:16:19,15.53,0.0,21,32613,卖盘
2002,11:16:21,15.53,0.0,30,46590,卖盘
2003,11:16:25,15.54,0.01,543,843768,买盘
2004,11:16:28,15.54,0.0,99,153846,买盘
2005,11:16:31,15.55,0.01,503,782112,买盘
2006,11:16:34,15.54,-0.01,12,18648,卖盘
2007,11:16:37,15.54,0.0,3,3496,卖盘
2008,11:16:40,15.54,0.0,81,125874,卖盘
2009,11:16:43,15.54,0.0,1388,2158330,卖盘
2010,11:16:46,15.54,0.0,212,329556,卖盘
2011,11:16:48,15.55,0.01,13,20212,中性盘
2012,11:16:52,15.54,-0.01,104,161763,卖盘
2013,11:16:55,15.54,0.0,2,3108,卖盘
2014,11:16:57,15.54,0.0,34,52865,卖盘
2015,11:17:01,15.55,0.01,3,4665,买盘
2016,11:17:05,15.55,0.0,44,68395,买盘
2017,11:17:07,15.55,0.0,55,85498,买盘
2018,11:17:10,15.55,0.0,9,13995,买盘
2019,11:17:12,15.55,0.0,8,12438,买盘
2020,11:17:16,15.55,0.0,121,188155,买盘
2021,11:17:19,15.56,0.01,562,874416,买盘
2022,11:17:22,15.55,-0.01,31,48205,卖盘
2023,11:17:25,15.56,0.01,160,248958,买盘
2024,11:17:28,15.56,0.0,169,262961,买盘
2025,11:17:31,15.56,0.0,64,100642,买盘
2026,11:17:34,15.56,0.0,5,7780,卖盘
2027,11:17:37,15.57,0.01,51,79407,买盘
2028,11:17:40,15.56,-0.01,116,180496,卖盘
2029,11:17:43,15.56,0.0,132,205470,卖盘
2030,11:17:46,15.57,0.01,57,88749,买盘
2031,11:17:49,15.57,0.0,48,74734,买盘
2032,11:17:51,15.57,0.0,46,71609,买盘
2033,11:17:55,15.57,0.0,318,495106,买盘
2034,11:18:01,15.56,-0.01,752,1170744,卖盘
2035,11:18:04,15.57,0.01,23,35811,买盘
2036,11:18:06,15.56,-0.01,57,88726,卖盘
2037,11:18:09,15.56,0.0,107,166592,卖盘
2038,11:18:16,15.57,0.01,156,242842,买盘
2039,11:18:19,15.57,0.0,65,101165,买盘
2040,11:18:22,15.57,0.0,11,17125,买盘
2041,11:18:25,15.57,0.0,86,133852,买盘
2042,11:18:27,15.56,-0.01,2,3112,卖盘
2043,11:18:30,15.56,0.0,6,9336,卖盘
2044,11:18:34,15.56,0.0,79,122999,卖盘
2045,11:18:37,15.57,0.01,48,74718,买盘
2046,11:18:40,15.56,-0.01,35,54469,卖盘
2047,11:18:42,15.56,0.0,14,21788,卖盘
2048,11:18:46,15.56,0.0,45,70025,卖盘
2049,11:18:48,15.56,0.0,158,245885,卖盘
2050,11:18:52,15.56,0.0,407,633591,卖盘
2051,11:18:54,15.57,0.01,219,339751,买盘
2052,11:18:57,15.57,0.0,262,407932,买盘
2053,11:19:01,15.57,0.0,252,393387,买盘
2054,11:19:04,15.57,0.0,46,71632,卖盘
2055,11:19:07,15.57,0.0,117,182216,卖盘
2056,11:19:10,15.56,-0.01,82,126622,卖盘
2057,11:19:12,15.56,0.0,103,160325,卖盘
2058,11:19:19,15.57,0.01,6,9342,买盘
2059,11:19:21,15.56,-0.01,137,213302,卖盘
2060,11:19:25,15.57,0.01,239,373182,买盘
2061,11:19:28,15.57,0.0,36,56052,卖盘
2062,11:19:31,15.57,0.0,22,34254,卖盘
2063,11:19:34,15.57,0.0,132,204459,卖盘
2064,11:19:40,15.56,-0.01,47,73178,卖盘
2065,11:19:43,15.56,0.0,52,80954,卖盘
2066,11:19:46,15.57,0.01,20,31140,买盘
2067,11:19:49,15.56,-0.01,28,43588,卖盘
2068,11:19:51,15.57,0.01,21,32697,买盘
2069,11:19:55,15.56,-0.01,116,180596,卖盘
2070,11:19:58,15.56,0.0,250,389200,卖盘
2071,11:20:01,15.57,0.01,4,6226,买盘
2072,11:20:05,15.56,-0.01,43,66908,卖盘
2073,11:20:06,15.56,0.0,45,70023,卖盘
2074,11:20:10,15.56,0.0,382,594402,卖盘
2075,11:20:12,15.57,0.01,117,182115,买盘
2076,11:20:16,15.56,-0.01,25,38895,中性盘
2077,11:20:19,15.56,0.0,6,9336,买盘
2078,11:20:22,15.56,0.0,60,93360,买盘
2079,11:20:25,15.57,0.01,45,70022,买盘
2080,11:20:28,15.57,0.0,10,15570,买盘
2081,11:20:31,15.56,-0.01,51,79356,卖盘
2082,11:20:37,15.56,0.0,67,104252,卖盘
2083,11:20:39,15.56,0.0,50,77800,卖盘
2084,11:20:42,15.56,0.0,31,48236,卖盘
2085,11:20:46,15.56,0.0,42,65352,卖盘
2086,11:20:49,15.56,0.0,30,46680,卖盘
2087,11:20:51,15.56,0.0,31,48236,买盘
2088,11:20:55,15.56,0.0,10,15560,买盘
2089,11:20:58,15.55,-0.01,1,1555,卖盘
2090,11:21:01,15.56,0.01,4,6223,买盘
2091,11:21:04,15.56,0.0,19,29564,买盘
2092,11:21:07,15.55,-0.01,14,21770,卖盘
2093,11:21:10,15.56,0.01,72,112032,买盘
2094,11:21:16,15.55,-0.01,19,29555,卖盘
2095,11:21:19,15.55,0.0,321,499156,卖盘
2096,11:21:22,15.56,0.01,16,24896,买盘
2097,11:21:25,15.55,-0.01,17,26444,卖盘
2098,11:21:30,15.55,0.0,28,43545,卖盘
2099,11:21:34,15.56,0.01,13,20228,买盘
2100,11:21:37,15.55,-0.01,14,21770,卖盘
2101,11:21:40,15.55,0.0,12,18663,卖盘
2102,11:21:43,15.56,0.01,40,62237,买盘
2103,11:21:46,15.55,-0.01,25,38875,卖盘
2104,11:21:49,15.56,0.01,31,48206,买盘
2105,11:21:52,15.56,0.0,10,15560,买盘
2106,11:21:55,15.56,0.0,18,28008,买盘
2107,11:21:58,15.56,0.0,19,29564,买盘
2108,11:22:00,15.56,0.0,493,767106,买盘
2109,11:22:04,15.56,0.0,329,511902,买盘
2110,11:22:07,15.56,0.0,24,37344,买盘
2111,11:22:12,15.56,0.0,19,29564,卖盘
2112,11:22:16,15.56,0.0,5,7782,卖盘
2113,11:22:19,15.57,0.01,57,88693,买盘
2114,11:22:21,15.56,-0.01,6,9336,卖盘
2115,11:22:25,15.57,0.01,68,105871,买盘
2116,11:22:31,15.57,0.0,15,23341,买盘
2117,11:22:34,15.56,-0.01,63,98073,卖盘
2118,11:22:37,15.56,0.0,274,426418,卖盘
2119,11:22:43,15.57,0.01,40,62280,买盘
2120,11:22:46,15.57,0.0,146,227318,买盘
2121,11:22:48,15.57,0.0,38,59146,买盘
2122,11:22:52,15.57,0.0,94,146358,买盘
2123,11:22:55,15.57,0.0,116,180607,买盘
2124,11:22:58,15.57,0.0,14,21798,买盘
2125,11:23:01,15.57,0.0,64,99647,买盘
2126,11:23:05,15.56,-0.01,174,270851,卖盘
2127,11:23:07,15.57,0.01,362,563634,买盘
2128,11:23:10,15.57,0.0,144,224204,买盘
2129,11:23:13,15.58,0.01,1200,1869580,买盘
2130,11:23:19,15.57,-0.01,11,17127,卖盘
2131,11:23:22,15.57,0.0,72,112154,卖盘
2132,11:23:25,15.57,0.0,42,65394,卖盘
2133,11:23:28,15.57,0.0,149,232113,卖盘
2134,11:23:31,15.58,0.01,45,70080,买盘
2135,11:23:34,15.57,-0.01,23,35811,卖盘
2136,11:23:37,15.59,0.02,454,708398,买盘
2137,11:23:40,15.58,-0.01,88,137144,卖盘
2138,11:23:43,15.58,0.0,48,74789,卖盘
2139,11:23:46,15.59,0.01,217,338297,买盘
2140,11:23:49,15.58,-0.01,220,342960,卖盘
2141,11:23:52,15.58,0.0,69,107540,卖盘
2142,11:23:55,15.59,0.01,35,54565,买盘
2143,11:23:57,15.58,-0.01,29,45192,卖盘
2144,11:24:01,15.59,0.01,68,105971,买盘
2145,11:24:05,15.58,-0.01,102,158946,卖盘
2146,11:24:07,15.59,0.01,23,35847,买盘
2147,11:24:10,15.59,0.0,350,545646,买盘
2148,11:24:12,15.59,0.0,97,151210,买盘
2149,11:24:16,15.59,0.0,229,356951,买盘
2150,11:24:19,15.58,-0.01,103,160574,卖盘
2151,11:24:22,15.59,0.01,317,494203,买盘
2152,11:24:25,15.59,0.0,37,57683,买盘
2153,11:24:28,15.59,0.0,117,182402,买盘
2154,11:24:31,15.59,0.0,124,193308,买盘
2155,11:24:34,15.58,-0.01,237,369498,卖盘
2156,11:24:37,15.59,0.01,48,74832,买盘
2157,11:24:39,15.59,0.0,63,98217,买盘
2158,11:24:43,15.59,0.0,75,116925,卖盘
2159,11:24:46,15.59,0.0,45,70171,卖盘
2160,11:24:49,15.59,0.0,135,210481,卖盘
2161,11:24:52,15.59,0.0,6,9354,买盘
2162,11:24:55,15.59,0.0,33,51447,买盘
2163,11:24:58,15.59,0.0,4,6236,买盘
2164,11:25:01,15.59,0.0,3,4675,买盘
2165,11:25:04,15.59,0.0,343,534735,买盘
2166,11:25:07,15.58,-0.01,5,7790,卖盘
2167,11:25:10,15.58,0.0,217,338150,卖盘
2168,11:25:12,15.58,0.0,52,81039,卖盘
2169,11:25:16,15.59,0.01,83,129392,买盘
2170,11:25:19,15.58,-0.01,171,266540,卖盘
2171,11:25:21,15.59,0.01,20,31180,买盘
2172,11:25:25,15.59,0.0,39,60786,买盘
2173,11:25:28,15.58,-0.01,58,90384,卖盘
2174,11:25:31,15.58,0.0,641,998705,卖盘
2175,11:25:34,15.58,0.0,205,319377,买盘
2176,11:25:37,15.58,0.0,62,96584,买盘
2177,11:25:40,15.57,-0.01,41,63867,卖盘
2178,11:25:43,15.57,0.0,21,32708,卖盘
2179,11:25:45,15.58,0.01,46,71648,买盘
2180,11:25:49,15.58,0.0,12,18696,买盘
2181,11:25:51,15.58,0.0,22,34274,买盘
2182,11:25:55,15.57,-0.01,51,79412,卖盘
2183,11:25:58,15.57,0.0,24,37368,卖盘
2184,11:26:01,15.57,0.0,48,74749,卖盘
2185,11:26:05,15.57,0.0,8,12457,卖盘
2186,11:26:07,15.58,0.01,71,110604,买盘
2187,11:26:10,15.58,0.0,1,1558,买盘
2188,11:26:12,15.58,0.0,5,7790,买盘
2189,11:26:16,15.58,0.0,50,77869,买盘
2190,11:26:19,15.58,0.0,30,46740,买盘
2191,11:26:21,15.58,0.0,126,196258,买盘
2192,11:26:25,15.57,-0.01,7,10901,卖盘
2193,11:26:27,15.58,0.01,62,96591,买盘
2194,11:26:31,15.58,0.0,7,10906,买盘
2195,11:26:34,15.58,0.0,285,443772,买盘
2196,11:26:37,15.56,-0.02,125,193546,卖盘
2197,11:26:45,15.57,0.01,6,9342,买盘
2198,11:26:49,15.57,0.0,109,169614,买盘
2199,11:26:52,15.57,0.0,1242,1931494,买盘
2200,11:26:55,15.53,-0.04,27,41931,卖盘
2201,11:26:58,15.56,0.03,30,46674,买盘
2202,11:27:01,15.53,-0.03,4,6212,卖盘
2203,11:27:04,15.56,0.03,23,35788,买盘
2204,11:27:07,15.56,0.0,3,4668,买盘
2205,11:27:09,15.55,-0.01,113,175815,卖盘
2206,11:27:13,15.56,0.01,15,23340,买盘
2207,11:27:16,15.56,0.0,6,9336,卖盘
2208,11:27:19,15.56,0.0,111,172716,卖盘
2209,11:27:21,15.56,0.0,8,12448,卖盘
2210,11:27:25,15.56,0.0,45,70020,卖盘
2211,11:27:28,15.56,0.0,61,94926,卖盘
2212,11:27:31,15.56,0.0,59,91804,卖盘
2213,11:27:34,15.56,0.0,57,88702,卖盘
2214,11:27:37,15.56,0.0,25,38900,买盘
2215,11:27:39,15.56,0.0,1,1556,买盘
2216,11:27:43,15.55,-0.01,5,7775,卖盘
2217,11:27:46,15.56,0.01,10,15560,买盘
2218,11:27:49,15.55,-0.01,15,23325,卖盘
2219,11:27:52,15.56,0.01,33,51344,买盘
2220,11:27:55,15.56,0.0,44,68454,买盘
2221,11:27:57,15.56,0.0,4,6224,买盘
2222,11:28:01,15.56,0.0,19,29564,买盘
2223,11:28:04,15.56,0.0,178,276968,买盘
2224,11:28:07,15.56,0.0,7,10892,卖盘
2225,11:28:10,15.57,0.01,32,49804,买盘
2226,11:28:12,15.55,-0.02,70,108895,卖盘
2227,11:28:16,15.57,0.02,9,14013,买盘
2228,11:28:19,15.57,0.0,492,766044,买盘
2229,11:28:22,15.57,0.0,114,177498,买盘
2230,11:28:25,15.57,0.0,156,243951,买盘
2231,11:28:27,15.57,0.0,10,15570,卖盘
2232,11:28:31,15.57,0.0,93,144801,卖盘
2233,11:28:34,15.57,0.0,10,15570,卖盘
2234,11:28:39,15.58,0.01,34,52967,买盘
2235,11:28:43,15.58,0.0,700,1090584,买盘
2236,11:28:46,15.59,0.01,1054,1643140,买盘
2237,11:28:49,15.59,0.0,98,152776,买盘
2238,11:28:52,15.59,0.0,40,62360,卖盘
2239,11:28:55,15.59,0.0,831,1296318,卖盘
2240,11:28:58,15.6,0.01,407,634904,买盘
2241,11:29:01,15.61,0.01,5385,8400324,买盘
2242,11:29:04,15.62,0.01,726,1133391,买盘
2243,11:29:07,15.62,0.0,9,14058,买盘
2244,11:29:10,15.62,0.0,532,830727,买盘
2245,11:29:13,15.62,0.0,300,468600,买盘
2246,11:29:16,15.62,0.0,423,660724,买盘
2247,11:29:19,15.62,0.0,158,246846,卖盘
2248,11:29:21,15.63,0.01,200,312526,买盘
2249,11:29:24,15.63,0.0,231,361043,买盘
2250,11:29:28,15.63,0.0,118,184397,买盘
2251,11:29:31,15.63,0.0,908,1419552,买盘
2252,11:29:34,15.63,0.0,246,384670,卖盘
2253,11:29:36,15.64,0.01,584,913227,买盘
2254,11:29:39,15.63,-0.01,407,636479,卖盘
2255,11:29:43,15.64,0.01,521,814762,买盘
2256,11:29:45,15.64,0.0,367,573983,买盘
2257,11:29:49,15.64,0.0,331,517872,买盘
2258,11:29:52,15.64,0.0,191,298704,卖盘
2259,11:29:55,15.64,0.0,262,409755,买盘
2260,11:29:58,15.64,0.0,518,810007,买盘
2261,11:30:01,15.64,0.0,998,1560821,买盘
2262,13:00:01,15.64,0.0,942,1472805,买盘
2263,13:00:05,15.66,0.02,5260,8230479,买盘
2264,13:00:07,15.65,-0.01,628,984016,卖盘
2265,13:00:10,15.65,0.0,438,685787,卖盘
2266,13:00:13,15.66,0.01,262,410176,买盘
2267,13:00:16,15.7,0.04,6070,9522457,买盘
2268,13:00:19,15.66,-0.04,320,501134,卖盘
2269,13:00:22,15.68,0.02,230,360348,买盘
2270,13:00:25,15.67,-0.01,647,1011936,中性盘
2271,13:00:28,15.67,0.0,103,161374,买盘
2272,13:00:30,15.66,-0.01,167,261492,买盘
2273,13:00:34,15.65,-0.01,317,496212,卖盘
2274,13:00:37,15.66,0.01,150,234870,买盘
2275,13:00:40,15.63,-0.03,4475,7000440,卖盘
2276,13:00:43,15.63,0.0,631,986824,买盘
2277,13:00:46,15.63,0.0,61,95343,买盘
2278,13:00:49,15.63,0.0,297,463948,买盘
2279,13:00:51,15.63,0.0,5,7819,中性盘
2280,13:00:55,15.63,0.0,223,348438,卖盘
2281,13:00:58,15.62,-0.01,68,106248,卖盘
2282,13:01:01,15.63,0.01,71,110976,买盘
2283,13:01:05,15.64,0.01,208,325173,买盘
2284,13:01:08,15.63,-0.01,29,45313,中性盘
2285,13:01:10,15.63,0.0,302,472203,卖盘
2286,13:01:13,15.64,0.01,586,916447,买盘
2287,13:01:16,15.64,0.0,1322,2067568,买盘
2288,13:01:19,15.67,0.03,573,896647,买盘
2289,13:01:22,15.64,-0.03,652,1020133,卖盘
2290,13:01:28,15.66,0.02,117,183311,卖盘
2291,13:01:31,15.67,0.01,88,137893,买盘
2292,13:01:34,15.67,0.0,158,247586,卖盘
2293,13:01:37,15.66,-0.01,125,195813,卖盘
2294,13:01:40,15.66,0.0,92,144072,买盘
2295,13:01:42,15.66,0.0,147,230219,买盘
2296,13:01:46,15.66,0.0,156,244299,买盘
2297,13:01:49,15.66,0.0,184,288112,买盘
2298,13:01:52,15.66,0.0,22,34442,买盘
2299,13:01:55,15.65,-0.01,298,466370,卖盘
2300,13:01:58,15.65,0.0,164,256660,买盘
2301,13:02:01,15.64,-0.01,1117,1746909,卖盘
2302,13:02:05,15.66,0.02,594,929358,买盘
2303,13:02:07,15.65,-0.01,167,261291,卖盘
2304,13:02:10,15.65,0.0,96,150052,卖盘
2305,13:02:13,15.65,0.0,65,101701,买盘
2306,13:02:16,15.63,-0.02,769,1201929,卖盘
2307,13:02:19,15.63,0.0,112,175056,买盘
2308,13:02:22,15.63,0.0,316,493890,买盘
2309,13:02:25,15.62,-0.01,138,215693,卖盘
2310,13:02:28,15.62,0.0,161,251492,卖盘
2311,13:02:31,15.62,0.0,15,23430,买盘
2312,13:02:34,15.63,0.01,205,320247,买盘
2313,13:02:37,15.62,-0.01,31,48422,卖盘
2314,13:02:39,15.62,0.0,60,93750,卖盘
2315,13:02:43,15.62,0.0,188,293782,卖盘
2316,13:02:45,15.62,0.0,660,1030870,卖盘
2317,13:02:49,15.62,0.0,26,40612,买盘
2318,13:02:51,15.61,-0.01,8,12488,卖盘
2319,13:02:55,15.62,0.01,82,128084,买盘
2320,13:02:57,15.62,0.0,22,34352,买盘
2321,13:03:01,15.62,0.0,70,109321,买盘
2322,13:03:05,15.62,0.0,403,629146,买盘
2323,13:03:07,15.61,-0.01,130,203047,卖盘
2324,13:03:10,15.61,0.0,215,335621,卖盘
2325,13:03:13,15.61,0.0,179,279419,卖盘
2326,13:03:16,15.6,-0.01,25,39015,卖盘
2327,13:03:19,15.6,0.0,12,18720,卖盘
2328,13:03:22,15.6,0.0,758,1182865,卖盘
2329,13:03:25,15.6,0.0,44,68640,卖盘
2330,13:03:28,15.61,0.01,495,772363,买盘
2331,13:03:30,15.6,-0.01,34,53039,中性盘
2332,13:03:34,15.61,0.01,484,755050,买盘
2333,13:03:36,15.61,0.0,42,65562,卖盘
2334,13:03:39,15.62,0.01,182,283959,买盘
2335,13:03:42,15.61,-0.01,120,187320,卖盘
2336,13:03:46,15.62,0.01,45,70247,买盘
2337,13:03:49,15.61,-0.01,28,43718,卖盘
2338,13:03:52,15.62,0.01,203,316986,买盘
2339,13:03:55,15.61,-0.01,528,824628,卖盘
2340,13:03:58,15.61,0.0,119,185859,卖盘
2341,13:04:01,15.62,0.01,153,238950,买盘
2342,13:04:05,15.61,-0.01,628,980467,卖盘
2343,13:04:07,15.61,0.0,42,65547,买盘
2344,13:04:10,15.61,0.0,5,7805,买盘
2345,13:04:13,15.61,0.0,25,39025,买盘
2346,13:04:16,15.61,0.0,17,26537,买盘
2347,13:04:19,15.61,0.0,13,20293,买盘
2348,13:04:21,15.61,0.0,84,131124,买盘
2349,13:04:25,15.6,-0.01,6,9360,卖盘
2350,13:04:28,15.61,0.01,25,39025,买盘
2351,13:04:31,15.61,0.0,109,170149,买盘
2352,13:04:34,15.61,0.0,63,98333,卖盘
2353,13:04:37,15.61,0.0,83,129572,卖盘
2354,13:04:40,15.61,0.0,26,40586,卖盘
2355,13:04:43,15.61,0.0,72,112421,卖盘
2356,13:04:45,15.62,0.01,42,65567,买盘
2357,13:04:49,15.61,-0.01,99,154627,卖盘
2358,13:04:52,15.62,0.01,54,84333,买盘
2359,13:04:54,15.62,0.0,5,7810,买盘
2360,13:04:57,15.61,-0.01,347,541987,卖盘
2361,13:05:01,15.61,0.0,203,317083,卖盘
2362,13:05:05,15.61,0.0,12,18732,卖盘
2363,13:05:07,15.61,0.0,26,40606,卖盘
2364,13:05:10,15.61,0.0,250,390250,卖盘
2365,13:05:13,15.61,0.0,47,73410,卖盘
2366,13:05:16,15.61,0.0,100,156100,卖盘
2367,13:05:19,15.61,0.0,379,591619,卖盘
2368,13:05:22,15.61,0.0,48,74916,买盘
2369,13:05:25,15.6,-0.01,35,54620,卖盘
2370,13:05:28,15.6,0.0,851,1327685,卖盘
2371,13:05:31,15.59,-0.01,278,433817,卖盘
2372,13:05:34,15.59,0.0,34,53038,卖盘
2373,13:05:37,15.6,0.01,63,98280,买盘
2374,13:05:40,15.6,0.0,35,54578,买盘
2375,13:05:43,15.6,0.0,122,190304,买盘
2376,13:05:45,15.6,0.0,258,402443,卖盘
2377,13:05:49,15.59,-0.01,7,10913,卖盘
2378,13:05:52,15.59,0.0,313,487971,卖盘
2379,13:05:57,15.59,0.0,493,768174,买盘
2380,13:06:01,15.58,-0.01,75,116853,卖盘
2381,13:06:05,15.58,0.0,33,51414,买盘
2382,13:06:07,15.57,-0.01,49,76315,卖盘
2383,13:06:10,15.58,0.01,126,196197,买盘
2384,13:06:13,15.58,0.0,9,14022,买盘
2385,13:06:15,15.58,0.0,105,163590,买盘
2386,13:06:18,15.58,0.0,29,45167,买盘
2387,13:06:22,15.57,-0.01,488,759878,卖盘
2388,13:06:25,15.57,0.0,20,31140,买盘
2389,13:06:28,15.57,0.0,106,164941,买盘
2390,13:06:31,15.57,0.0,6,9342,买盘
2391,13:06:34,15.57,0.0,32,49803,买盘
2392,13:06:37,15.57,0.0,84,130772,买盘
2393,13:06:40,15.56,-0.01,76,118257,卖盘
2394,13:06:43,15.57,0.01,71,110538,买盘
2395,13:06:45,15.57,0.0,105,163481,买盘
2396,13:06:49,15.57,0.0,2,3114,卖盘
2397,13:06:52,15.57,0.0,98,152586,卖盘
2398,13:06:55,15.57,0.0,4,6228,卖盘
2399,13:06:57,15.57,0.0,275,428437,卖盘
2400,13:07:01,15.58,0.01,197,306915,买盘
2401,13:07:05,15.58,0.0,15,23370,卖盘
2402,13:07:07,15.58,0.0,32,49856,卖盘
2403,13:07:10,15.58,0.0,11,17138,卖盘
2404,13:07:13,15.58,0.0,178,277489,卖盘
2405,13:07:16,15.58,0.0,32,49878,卖盘
2406,13:07:19,15.58,0.0,31,48327,卖盘
2407,13:07:22,15.58,0.0,344,535852,卖盘
2408,13:07:25,15.57,-0.01,38,59199,卖盘
2409,13:07:28,15.58,0.01,25,38930,买盘
2410,13:07:31,15.58,0.0,220,342760,买盘
2411,13:07:33,15.58,0.0,46,71648,买盘
2412,13:07:37,15.58,0.0,16,24928,买盘
2413,13:07:40,15.58,0.0,42,65431,买盘
2414,13:07:43,15.58,0.0,85,132430,买盘
2415,13:07:46,15.58,0.0,45,70100,买盘
2416,13:07:48,15.58,0.0,255,397290,卖盘
2417,13:07:51,15.58,0.0,14,21813,卖盘
2418,13:07:55,15.58,0.0,251,391201,卖盘
2419,13:07:57,15.59,0.01,20,31180,买盘
2420,13:08:01,15.58,-0.01,100,155800,卖盘
2421,13:08:05,15.58,0.0,23,35835,卖盘
2422,13:08:07,15.59,0.01,27,42093,买盘
2423,13:08:10,15.58,-0.01,4,6232,卖盘
2424,13:08:12,15.59,0.01,34,53006,买盘
2425,13:08:16,15.59,0.0,27,42093,买盘
2426,13:08:19,15.59,0.0,430,670187,卖盘
2427,13:08:22,15.58,-0.01,10,15580,卖盘
2428,13:08:25,15.59,0.01,42,65478,买盘
2429,13:08:28,15.59,0.0,22,34298,买盘
2430,13:08:31,15.58,-0.01,29,45208,卖盘
2431,13:08:36,15.58,0.0,160,248934,卖盘
2432,13:08:40,15.58,0.0,61,95038,卖盘
2433,13:08:43,15.58,0.0,117,182326,卖盘
2434,13:08:46,15.58,0.0,23,35834,卖盘
2435,13:08:49,15.58,0.0,98,152695,卖盘
2436,13:08:52,15.59,0.01,277,431790,买盘
2437,13:08:55,15.59,0.0,10,15590,卖盘
2438,13:08:58,15.6,0.01,17,26510,买盘
2439,13:09:01,15.59,-0.01,24,37416,卖盘
2440,13:09:05,15.59,0.0,118,184053,卖盘
2441,13:09:07,15.59,0.0,30,46773,卖盘
2442,13:09:10,15.59,0.0,58,90454,卖盘
2443,13:09:12,15.6,0.01,510,795593,买盘
2444,13:09:18,15.6,0.0,13,20280,买盘
2445,13:09:22,15.59,-0.01,403,628297,卖盘
2446,13:09:25,15.6,0.01,49,76412,买盘
2447,13:09:28,15.59,-0.01,16,24954,中性盘
2448,13:09:31,15.6,0.01,36,56144,买盘
2449,13:09:34,15.59,-0.01,24,37416,卖盘
2450,13:09:37,15.59,0.0,138,215155,卖盘
2451,13:09:40,15.59,0.0,38,59242,买盘
2452,13:09:43,15.59,0.0,7,10913,买盘
2453,13:09:46,15.59,0.0,27,42093,买盘
2454,13:09:49,15.59,0.0,53,82627,卖盘
2455,13:09:52,15.59,0.0,10,15590,买盘
2456,13:09:55,15.59,0.0,2,3118,中性盘
2457,13:09:58,15.59,0.0,67,104463,卖盘
2458,13:10:01,15.59,0.0,4,6236,买盘
2459,13:10:04,15.59,0.0,45,70175,卖盘
2460,13:10:07,15.58,-0.01,1069,1665990,卖盘
2461,13:10:10,15.57,-0.01,1143,1780654,卖盘
2462,13:10:12,15.56,-0.01,292,454383,卖盘
2463,13:10:16,15.56,0.0,107,166508,卖盘
2464,13:10:19,15.56,0.0,19,29551,卖盘
2465,13:10:22,15.56,0.0,39,60684,买盘
2466,13:10:25,15.55,-0.01,31,48212,卖盘
2467,13:10:28,15.56,0.01,8,12448,卖盘
2468,13:10:31,15.56,0.0,32,49802,卖盘
2469,13:10:34,15.56,0.0,147,228732,卖盘
2470,13:10:37,15.56,0.0,45,70020,买盘
2471,13:10:40,15.56,0.0,278,432561,卖盘
2472,13:10:43,15.56,0.0,110,171170,买盘
2473,13:10:46,15.56,0.0,105,163380,卖盘
2474,13:10:49,15.57,0.01,68,105828,买盘
2475,13:10:51,15.57,0.0,84,130788,卖盘
2476,13:10:55,15.56,-0.01,86,133869,卖盘
2477,13:10:58,15.56,0.0,97,150932,卖盘
2478,13:11:01,15.56,0.0,120,186731,卖盘
2479,13:11:05,15.56,0.0,52,80911,买盘
2480,13:11:06,15.56,0.0,17,26452,卖盘
2481,13:11:10,15.56,0.0,71,110523,卖盘
2482,13:11:13,15.56,0.0,6,9336,卖盘
2483,13:11:16,15.57,0.01,20,31140,买盘
2484,13:11:19,15.57,0.0,80,124540,买盘
2485,13:11:21,15.57,0.0,42,65394,中性盘
2486,13:11:25,15.56,-0.01,158,245994,卖盘
2487,13:11:28,15.58,0.02,21,32711,买盘
2488,13:11:31,15.57,-0.01,93,144888,卖盘
2489,13:11:34,15.58,0.01,1,1558,买盘
2490,13:11:36,15.57,-0.01,117,182315,卖盘
2491,13:11:40,15.57,0.0,157,244485,卖盘
2492,13:11:46,15.58,0.01,10,15585,卖盘
2493,13:11:49,15.59,0.01,196,305520,买盘
2494,13:11:52,15.58,-0.01,131,204188,卖盘
2495,13:11:55,15.59,0.01,79,123156,买盘
2496,13:11:58,15.58,-0.01,23,35834,卖盘
2497,13:12:01,15.58,0.0,36,56088,卖盘
2498,13:12:05,15.58,0.0,26,40508,买盘
2499,13:12:07,15.58,0.0,19,29602,买盘
2500,13:12:10,15.58,0.0,81,126198,卖盘
2501,13:12:13,15.58,0.0,102,158914,卖盘
2502,13:12:16,15.58,0.0,14,21812,卖盘
2503,13:12:19,15.59,0.01,46,71672,买盘
2504,13:12:22,15.58,-0.01,64,99745,卖盘
2505,13:12:25,15.59,0.01,4,6234,买盘
2506,13:12:28,15.59,0.0,31,48329,买盘
2507,13:12:31,15.59,0.0,27,42077,买盘
2508,13:12:34,15.58,-0.01,11,17143,卖盘
2509,13:12:37,15.59,0.01,44,68582,买盘
2510,13:12:40,15.59,0.0,173,269646,买盘
2511,13:12:43,15.59,0.0,158,246295,买盘
2512,13:12:46,15.59,0.0,55,85745,买盘
2513,13:12:49,15.59,0.0,14,21826,卖盘
2514,13:12:52,15.59,0.0,46,71714,卖盘
2515,13:12:57,15.6,0.01,9,14040,买盘
2516,13:13:01,15.59,-0.01,4,6236,卖盘
2517,13:13:05,15.59,0.0,54,84190,卖盘
2518,13:13:10,15.6,0.01,79,123240,买盘
2519,13:13:12,15.59,-0.01,86,134150,卖盘
2520,13:13:16,15.6,0.01,43,67078,买盘
2521,13:13:19,15.59,-0.01,28,43661,卖盘
2522,13:13:21,15.59,0.0,84,130966,卖盘
2523,13:13:28,15.59,0.0,34,53036,卖盘
2524,13:13:31,15.6,0.01,62,96689,买盘
2525,13:13:34,15.59,-0.01,61,95151,卖盘
2526,13:13:37,15.59,0.0,23,35867,卖盘
2527,13:13:40,15.6,0.01,6,9360,买盘
2528,13:13:42,15.6,0.0,56,87359,买盘
2529,13:13:49,15.59,-0.01,575,896425,卖盘
2530,13:13:52,15.59,0.0,45,70164,买盘
2531,13:13:55,15.59,0.0,6,9354,买盘
2532,13:13:58,15.59,0.0,23,35857,买盘
2533,13:14:00,15.59,0.0,30,46770,买盘
2534,13:14:07,15.59,0.0,76,118469,中性盘
2535,13:14:10,15.58,-0.01,201,313262,卖盘
2536,13:14:13,15.59,0.01,69,107516,买盘
2537,13:14:16,15.59,0.0,142,221378,买盘
2538,13:14:19,15.59,0.0,68,106012,卖盘
2539,13:14:22,15.59,0.0,117,182403,卖盘
2540,13:14:25,15.59,0.0,48,74832,卖盘
2541,13:14:28,15.59,0.0,96,149670,卖盘
2542,13:14:31,15.59,0.0,79,123161,买盘
2543,13:14:34,15.59,0.0,49,76391,卖盘
2544,13:14:37,15.59,0.0,27,42093,卖盘
2545,13:14:40,15.59,0.0,59,91944,买盘
2546,13:14:43,15.6,0.01,117,182353,买盘
2547,13:14:46,15.59,-0.01,51,79509,卖盘
2548,13:14:49,15.59,0.0,63,98202,买盘
2549,13:14:52,15.58,-0.01,135,210369,卖盘
2550,13:14:55,15.59,0.01,49,76391,买盘
2551,13:14:58,15.59,0.0,1,1559,买盘
2552,13:15:01,15.58,-0.01,12,18698,卖盘
2553,13:15:05,15.58,0.0,90,140220,卖盘
2554,13:15:07,15.59,0.01,96,149627,买盘
2555,13:15:10,15.59,0.0,61,95088,买盘
2556,13:15:13,15.59,0.0,120,187080,买盘
2557,13:15:16,15.59,0.0,32,49888,买盘
2558,13:15:18,15.59,0.0,90,140305,买盘
2559,13:15:21,15.59,0.0,200,311641,买盘
2560,13:15:24,15.58,-0.01,22,34288,卖盘
2561,13:15:28,15.59,0.01,33,51447,买盘
2562,13:15:31,15.58,-0.01,10,15580,卖盘
2563,13:15:34,15.58,0.0,321,500132,卖盘
2564,13:15:37,15.59,0.01,160,249319,买盘
2565,13:15:40,15.58,-0.01,20,31160,卖盘
2566,13:15:43,15.59,0.01,46,71708,买盘
2567,13:15:49,15.58,-0.01,189,294462,卖盘
2568,13:15:51,15.59,0.01,12,18708,买盘
2569,13:15:55,15.58,-0.01,109,169832,卖盘
2570,13:15:58,15.58,0.0,48,74784,买盘
2571,13:16:01,15.58,0.0,29,45182,买盘
2572,13:16:04,15.58,0.0,12,18696,买盘
2573,13:16:07,15.58,0.0,51,79444,买盘
2574,13:16:10,15.58,0.0,30,46750,卖盘
2575,13:16:13,15.58,0.0,40,62320,卖盘
2576,13:16:16,15.59,0.01,2,3118,买盘
2577,13:16:18,15.58,-0.01,132,205656,卖盘
2578,13:16:22,15.58,0.0,20,31160,卖盘
2579,13:16:25,15.58,0.0,37,57652,卖盘
2580,13:16:28,15.59,0.01,1039,1619987,买盘
2581,13:16:30,15.59,0.0,103,160577,卖盘
2582,13:16:34,15.59,0.0,35,54565,卖盘
2583,13:16:37,15.59,0.0,62,96658,卖盘
2584,13:16:40,15.59,0.0,24,37416,卖盘
2585,13:16:43,15.6,0.01,68,106013,买盘
2586,13:16:46,15.59,-0.01,25,38198,卖盘
2587,13:16:49,15.59,0.0,8,12475,卖盘
2588,13:16:52,15.59,0.0,120,187086,卖盘
2589,13:16:55,15.59,0.0,30,46780,卖盘
2590,13:16:58,15.59,0.0,16,24953,卖盘
2591,13:17:01,15.59,0.0,28,43652,卖盘
2592,13:17:05,15.59,0.0,22,34298,卖盘
2593,13:17:07,15.59,0.0,23,35860,卖盘
2594,13:17:10,15.59,0.0,124,193393,卖盘
2595,13:17:13,15.6,0.01,25,39000,买盘
2596,13:17:16,15.6,0.0,80,124750,买盘
2597,13:17:19,15.59,-0.01,55,85745,卖盘
2598,13:17:22,15.6,0.01,6,9358,买盘
2599,13:17:25,15.6,0.0,4,6240,买盘
2600,13:17:28,15.6,0.0,5,7800,买盘
2601,13:17:31,15.6,0.0,3,4680,买盘
2602,13:17:37,15.59,-0.01,62,96713,卖盘
2603,13:17:40,15.6,0.01,150,233930,买盘
2604,13:17:43,15.59,-0.01,24,37416,卖盘
2605,13:17:46,15.6,0.01,98,152838,买盘
2606,13:17:49,15.6,0.0,20,31197,买盘
2607,13:17:52,15.59,-0.01,27,42096,卖盘
2608,13:17:55,15.6,0.01,11,17159,买盘
2609,13:17:58,15.59,-0.01,51,79510,卖盘
2610,13:18:04,15.59,0.0,10,15590,卖盘
2611,13:18:07,15.59,0.0,64,99813,卖盘
2612,13:18:10,15.59,0.0,41,63919,卖盘
2613,13:18:13,15.59,0.0,5,7795,卖盘
2614,13:18:16,15.6,0.01,75,117000,买盘
2615,13:18:19,15.59,-0.01,272,424065,卖盘
2616,13:18:21,15.59,0.0,87,135671,卖盘
2617,13:18:25,15.59,0.0,6,9358,卖盘
2618,13:18:28,15.59,0.0,243,378914,卖盘
2619,13:18:31,15.59,0.0,180,280620,卖盘
2620,13:18:34,15.59,0.0,110,171490,卖盘
2621,13:18:37,15.59,0.0,52,81072,卖盘
2622,13:18:40,15.59,0.0,20,31180,卖盘
2623,13:18:43,15.59,0.0,24,37416,卖盘
2624,13:18:46,15.6,0.01,55,85752,买盘
2625,13:18:49,15.59,-0.01,118,184289,卖盘
2626,13:18:52,15.6,0.01,33,51462,买盘
2627,13:18:55,15.59,-0.01,117,182403,卖盘
2628,13:18:58,15.59,0.0,2,3118,买盘
2629,13:19:01,15.59,0.0,2,3118,买盘
2630,13:19:04,15.59,0.0,5,7795,买盘
2631,13:19:07,15.59,0.0,150,233850,买盘
2632,13:19:10,15.59,0.0,25,38975,卖盘
2633,13:19:13,15.59,0.0,124,193316,卖盘
2634,13:19:16,15.59,0.0,44,68596,卖盘
2635,13:19:19,15.59,0.0,40,62360,卖盘
