,time,price,change,volume,amount,type
0,09:25:01,15.8,-0.14,5093,8046940,卖盘
1,09:30:01,15.81,0.01,1995,3152529,买盘
2,09:30:05,15.81,0.0,2369,3744073,卖盘
3,09:30:07,15.83,0.02,1001,1582848,买盘
4,09:30:10,15.84,0.01,460,728019,买盘
5,09:30:13,15.85,0.01,163,258028,买盘
6,09:30:16,15.83,-0.02,375,593773,卖盘
7,09:30:19,15.84,0.01,722,1144384,买盘
8,09:30:21,15.83,-0.01,356,563907,卖盘
9,09:30:25,15.85,0.02,396,626935,买盘
10,09:30:28,15.84,-0.01,326,516357,买盘
11,09:30:31,15.84,0.0,821,1300404,买盘
12,09:30:33,15.84,0.0,434,687279,卖盘
13,09:30:37,15.84,0.0,740,1171226,买盘
14,09:30:40,15.85,0.01,351,555936,买盘
15,09:30:42,15.85,0.0,264,419176,买盘
16,09:30:46,15.86,0.01,409,648434,买盘
17,09:30:49,15.86,0.0,605,959455,买盘
18,09:30:52,15.86,0.0,643,1020153,卖盘
19,09:30:55,15.86,0.0,319,506351,卖盘
20,09:30:58,15.88,0.02,1033,1639591,买盘
21,09:31:01,15.88,0.0,520,825541,买盘
22,09:31:05,15.88,0.0,468,742969,买盘
23,09:31:07,15.88,0.0,848,1346259,卖盘
24,09:31:10,15.88,0.0,468,743127,卖盘
25,09:31:13,15.9,0.02,282,447844,买盘
26,09:31:16,15.88,-0.02,126,200199,卖盘
27,09:31:19,15.88,0.0,1237,1965575,卖盘
28,09:31:22,15.89,0.01,726,1152186,买盘
29,09:31:25,15.86,-0.03,433,687783,卖盘
30,09:31:28,15.88,0.02,426,676102,买盘
31,09:31:31,15.87,-0.01,918,1455934,中性盘
32,09:31:34,15.87,0.0,305,484071,买盘
33,09:31:37,15.87,0.0,339,537982,卖盘
34,09:31:40,15.86,-0.01,331,525057,卖盘
35,09:31:43,15.85,-0.01,427,676781,卖盘
36,09:31:46,15.85,0.0,330,522972,买盘
37,09:31:49,15.85,0.0,385,610014,买盘
38,09:31:52,15.84,-0.01,607,961706,买盘
39,09:31:55,15.83,-0.01,270,427928,卖盘
40,09:31:58,15.84,0.01,162,256593,买盘
41,09:32:01,15.84,0.0,113,178963,卖盘
42,09:32:05,15.83,-0.01,73,115605,卖盘
43,09:32:07,15.84,0.01,166,262944,买盘
44,09:32:10,15.83,-0.01,225,356314,卖盘
45,09:32:13,15.82,-0.01,764,1209768,卖盘
46,09:32:16,15.82,0.0,264,417793,卖盘
47,09:32:19,15.82,0.0,519,821301,卖盘
48,09:32:22,15.81,-0.01,292,461814,卖盘
49,09:32:25,15.8,-0.01,3144,4968247,卖盘
50,09:32:28,15.82,0.02,1646,2603528,买盘
51,09:32:31,15.8,-0.02,229,361833,卖盘
52,09:32:34,15.81,0.01,69,109062,买盘
53,09:32:37,15.8,-0.01,940,1487763,卖盘
54,09:32:40,15.81,0.01,205,324034,中性盘
55,09:32:43,15.81,0.0,391,617945,买盘
56,09:32:46,15.82,0.01,202,319496,买盘
57,09:32:49,15.82,0.0,300,474532,买盘
58,09:32:52,15.81,-0.01,347,548774,卖盘
59,09:32:55,15.82,0.01,119,188215,卖盘
60,09:32:58,15.83,0.01,390,617019,买盘
61,09:33:01,15.82,-0.01,234,370255,买盘
62,09:33:04,15.83,0.01,200,316486,买盘
63,09:33:07,15.83,0.0,85,134555,卖盘
64,09:33:10,15.83,0.0,97,153558,卖盘
65,09:33:13,15.84,0.01,488,772464,买盘
66,09:33:16,15.83,-0.01,184,291367,卖盘
67,09:33:19,15.84,0.01,216,342168,买盘
68,09:33:22,15.87,0.03,347,550077,买盘
69,09:33:25,15.84,-0.03,225,356870,卖盘
70,09:33:28,15.87,0.03,32,50726,中性盘
71,09:33:31,15.88,0.01,340,539850,买盘
72,09:33:33,15.88,0.0,131,208043,卖盘
73,09:33:37,15.89,0.01,55,87396,中性盘
74,09:33:40,15.89,0.0,217,345027,卖盘
75,09:33:43,15.93,0.04,670,1066288,买盘
76,09:33:46,15.9,-0.03,176,280048,卖盘
77,09:33:49,15.94,0.04,1415,2253711,买盘
78,09:33:52,15.94,0.0,139,221439,买盘
79,09:33:55,15.94,0.0,230,366332,买盘
80,09:33:58,15.94,0.0,1214,1935036,买盘
81,09:34:01,15.96,0.02,1612,2570005,买盘
82,09:34:04,15.95,-0.01,483,771487,卖盘
83,09:34:07,15.98,0.03,234,373914,买盘
84,09:34:10,15.98,0.0,683,1090248,买盘
85,09:34:13,15.97,-0.01,509,813176,卖盘
86,09:34:16,15.99,0.02,829,1325170,买盘
87,09:34:19,15.99,0.0,761,1215516,买盘
88,09:34:22,15.98,-0.01,903,1443390,中性盘
89,09:34:25,15.98,0.0,824,1316428,买盘
90,09:34:28,15.99,0.01,945,1510313,买盘
91,09:34:31,15.99,0.0,943,1507700,卖盘
92,09:34:34,15.99,0.0,662,1058170,买盘
93,09:34:37,15.98,-0.01,1195,1910911,卖盘
94,09:34:40,16.0,0.02,483,772444,买盘
95,09:34:43,16.0,0.0,716,1145331,买盘
96,09:34:46,16.0,0.0,809,1294112,买盘
97,09:34:49,16.0,0.0,892,1427222,买盘
98,09:34:52,16.0,0.0,691,1105457,买盘
99,09:34:55,16.0,0.0,1636,2617036,买盘
100,09:34:58,16.01,0.01,764,1222098,买盘
101,09:35:01,15.98,-0.03,1196,1911927,卖盘
102,09:35:05,15.99,0.01,481,768959,买盘
103,09:35:07,15.98,-0.01,395,631469,中性盘
104,09:35:10,15.97,-0.01,883,1410208,卖盘
105,09:35:13,15.97,0.0,213,339987,买盘
106,09:35:16,15.97,0.0,606,966976,买盘
107,09:35:19,15.95,-0.02,605,964975,买盘
108,09:35:22,15.94,-0.01,1089,1734776,卖盘
109,09:35:25,15.97,0.03,976,1555886,买盘
110,09:35:28,15.94,-0.03,412,657031,中性盘
111,09:35:31,15.91,-0.03,206,328318,中性盘
112,09:35:33,15.93,0.02,396,630940,中性盘
113,09:35:37,15.95,0.02,184,292900,买盘
114,09:35:40,15.93,-0.02,590,940081,卖盘
115,09:35:43,15.94,0.01,173,275754,买盘
116,09:35:46,15.94,0.0,315,501997,卖盘
117,09:35:49,15.95,0.01,328,522866,买盘
118,09:35:52,15.94,-0.01,154,245419,中性盘
119,09:35:55,15.93,-0.01,289,460686,卖盘
120,09:35:58,15.94,0.01,235,374523,中性盘
121,09:36:01,15.95,0.01,316,503980,买盘
122,09:36:04,15.94,-0.01,1301,2074701,卖盘
123,09:36:07,15.95,0.01,137,218513,中性盘
124,09:36:10,15.95,0.0,251,400373,卖盘
125,09:36:13,15.95,0.0,428,682484,卖盘
126,09:36:15,15.93,-0.02,274,436932,卖盘
127,09:36:19,15.95,0.02,228,363458,买盘
128,09:36:22,15.95,0.0,195,310964,买盘
129,09:36:25,15.94,-0.01,958,1527100,卖盘
130,09:36:28,15.95,0.01,129,205651,买盘
131,09:36:31,15.94,-0.01,179,285429,中性盘
132,09:36:34,15.94,0.0,574,914782,买盘
133,09:36:37,15.93,-0.01,602,959120,卖盘
134,09:36:40,15.93,0.0,1125,1792342,卖盘
135,09:36:43,15.93,0.0,633,1007395,买盘
136,09:36:46,15.92,-0.01,718,1142291,中性盘
137,09:36:48,15.93,0.01,68,108547,中性盘
138,09:36:52,15.94,0.01,263,418943,买盘
139,09:36:55,15.93,-0.01,212,337592,中性盘
140,09:36:58,15.93,0.0,104,165678,卖盘
141,09:37:01,15.92,-0.01,404,643567,卖盘
142,09:37:04,15.93,0.01,86,136997,买盘
143,09:37:07,15.92,-0.01,142,226408,卖盘
144,09:37:10,15.92,0.0,277,441098,卖盘
145,09:37:13,15.91,-0.01,93,148073,卖盘
146,09:37:16,15.91,0.0,101,160715,卖盘
147,09:37:19,15.91,0.0,167,265732,卖盘
148,09:37:22,15.91,0.0,1360,2166212,买盘
149,09:37:25,15.92,0.01,56,89110,中性盘
150,09:37:28,15.92,0.0,144,229250,卖盘
151,09:37:31,15.92,0.0,293,466637,卖盘
152,09:37:34,15.91,-0.01,427,679910,卖盘
153,09:37:37,15.92,0.01,168,267437,中性盘
154,09:37:40,15.92,0.0,142,226099,卖盘
155,09:37:43,15.95,0.03,1205,1919706,买盘
156,09:37:46,15.95,0.0,257,410186,卖盘
157,09:37:49,15.93,-0.02,254,405059,卖盘
158,09:37:52,15.94,0.01,226,360468,中性盘
159,09:37:55,15.94,0.0,80,127460,买盘
160,09:37:58,15.93,-0.01,236,376756,卖盘
161,09:38:01,15.93,0.0,324,516144,买盘
162,09:38:05,15.94,0.01,555,884348,买盘
163,09:38:07,15.95,0.01,247,393749,买盘
164,09:38:10,15.94,-0.01,51,81294,卖盘
165,09:38:13,15.94,0.0,78,124329,买盘
166,09:38:16,15.94,0.0,377,600858,买盘
167,09:38:19,15.94,0.0,603,961746,卖盘
168,09:38:22,15.94,0.0,185,295046,卖盘
169,09:38:25,15.95,0.01,377,601159,买盘
170,09:38:28,15.96,0.01,73,116467,买盘
171,09:38:31,15.95,-0.01,154,245632,卖盘
172,09:38:34,15.95,0.0,584,931854,卖盘
173,09:38:37,15.96,0.01,415,662169,买盘
174,09:38:40,15.97,0.01,295,470850,买盘
175,09:38:42,15.96,-0.01,585,934366,卖盘
176,09:38:46,15.97,0.01,252,402469,中性盘
177,09:38:49,15.97,0.0,439,701437,卖盘
178,09:38:52,15.99,0.02,316,505236,买盘
179,09:38:55,15.99,0.0,527,842661,买盘
180,09:38:58,16.0,0.01,340,543725,买盘
181,09:39:01,16.0,0.0,1229,1966163,买盘
182,09:39:05,16.0,0.0,1629,2605748,买盘
183,09:39:07,16.0,0.0,340,544256,卖盘
184,09:39:10,15.99,-0.01,1679,2686528,卖盘
185,09:39:13,15.99,0.0,768,1228010,买盘
186,09:39:16,15.98,-0.01,482,770700,卖盘
187,09:39:19,15.98,0.0,453,723859,卖盘
188,09:39:22,15.97,-0.01,538,859407,卖盘
189,09:39:25,15.97,0.0,686,1095281,买盘
190,09:39:28,15.96,-0.01,508,810565,中性盘
191,09:39:31,15.95,-0.01,257,410112,中性盘
192,09:39:33,15.95,0.0,518,826272,卖盘
193,09:39:37,15.95,0.0,465,741520,卖盘
194,09:39:40,15.95,0.0,600,956473,买盘
195,09:39:43,15.95,0.0,385,613784,买盘
196,09:39:46,15.95,0.0,159,253535,买盘
197,09:39:49,15.95,0.0,234,373090,买盘
198,09:39:52,15.94,-0.01,709,1130422,卖盘
199,09:39:55,15.94,0.0,347,552940,买盘
200,09:39:58,15.93,-0.01,1517,2416470,卖盘
201,09:40:01,15.92,-0.01,951,1514323,卖盘
202,09:40:05,15.91,-0.01,485,772124,卖盘
203,09:40:07,15.91,0.0,528,840094,卖盘
204,09:40:10,15.93,0.02,932,1483524,买盘
205,09:40:13,15.92,-0.01,236,375354,中性盘
206,09:40:16,15.91,-0.01,232,369337,卖盘
207,09:40:19,15.92,0.01,119,189346,买盘
208,09:40:22,15.9,-0.02,82,130438,卖盘
209,09:40:25,15.91,0.01,546,868812,买盘
210,09:40:28,15.91,0.0,73,116157,卖盘
211,09:40:31,15.92,0.01,185,294347,买盘
212,09:40:34,15.9,-0.02,274,436025,卖盘
213,09:40:37,15.91,0.01,140,222695,买盘
214,09:40:40,15.92,0.01,823,1309217,买盘
215,09:40:43,15.91,-0.01,211,335766,卖盘
216,09:40:46,15.9,-0.01,287,456495,卖盘
217,09:40:49,15.87,-0.03,2162,3435968,卖盘
218,09:40:52,15.9,0.03,151,240052,买盘
219,09:40:55,15.9,0.0,16,25440,买盘
220,09:40:58,15.87,-0.03,216,342873,卖盘
221,09:41:01,15.89,0.02,255,404919,买盘
222,09:41:05,15.87,-0.02,257,408235,买盘
223,09:41:07,15.87,0.0,234,371416,卖盘
224,09:41:10,15.89,0.02,76,120620,买盘
225,09:41:13,15.89,0.0,134,212788,买盘
226,09:41:15,15.88,-0.01,135,214280,卖盘
227,09:41:19,15.87,-0.01,94,149260,卖盘
228,09:41:22,15.88,0.01,125,198438,买盘
229,09:41:25,15.88,0.0,162,257243,卖盘
230,09:41:28,15.88,0.0,180,285721,卖盘
231,09:41:31,15.88,0.0,200,317603,卖盘
232,09:41:34,15.87,-0.01,285,452277,卖盘
233,09:41:36,15.88,0.01,137,217410,买盘
234,09:41:40,15.87,-0.01,62,98386,中性盘
235,09:41:43,15.87,0.0,581,922872,卖盘
236,09:41:46,15.87,0.0,246,390429,卖盘
237,09:41:49,15.86,-0.01,85,134865,卖盘
238,09:41:52,15.86,0.0,708,1122963,卖盘
239,09:41:55,15.87,0.01,208,329946,买盘
240,09:41:58,15.88,0.01,140,222184,买盘
241,09:42:01,15.87,-0.01,133,211092,卖盘
242,09:42:05,15.87,0.0,135,214265,卖盘
243,09:42:07,15.87,0.0,134,212736,卖盘
244,09:42:10,15.87,0.0,256,406235,买盘
245,09:42:13,15.87,0.0,269,426913,卖盘
246,09:42:16,15.87,0.0,115,182503,卖盘
247,09:42:19,15.87,0.0,342,542770,卖盘
248,09:42:22,15.87,0.0,110,174570,卖盘
249,09:42:25,15.88,0.01,277,439653,买盘
250,09:42:28,15.88,0.0,307,487009,买盘
251,09:42:31,15.86,-0.02,17,26971,卖盘
252,09:42:34,15.88,0.02,140,222232,买盘
253,09:42:37,15.87,-0.01,193,306308,卖盘
254,09:42:40,15.87,0.0,189,299934,卖盘
255,09:42:43,15.87,0.0,113,179399,卖盘
256,09:42:46,15.88,0.01,194,307911,买盘
257,09:42:49,15.88,0.0,585,928787,买盘
258,09:42:52,15.87,-0.01,194,307943,卖盘
259,09:42:55,15.87,0.0,1658,2629538,卖盘
260,09:42:58,15.86,-0.01,202,320461,卖盘
261,09:43:00,15.86,0.0,39,61852,买盘
262,09:43:05,15.85,-0.01,369,584760,卖盘
263,09:43:07,15.81,-0.04,1682,2662499,卖盘
264,09:43:10,15.83,0.02,269,425663,中性盘
265,09:43:13,15.82,-0.01,14,22155,中性盘
266,09:43:16,15.81,-0.01,75,118623,卖盘
267,09:43:18,15.82,0.01,71,112359,中性盘
268,09:43:22,15.83,0.01,90,142384,买盘
269,09:43:25,15.83,0.0,52,82316,卖盘
270,09:43:28,15.83,0.0,38,60160,卖盘
271,09:43:31,15.83,0.0,67,106071,卖盘
272,09:43:34,15.83,0.0,125,197875,卖盘
273,09:43:37,15.82,-0.01,328,519013,卖盘
274,09:43:39,15.82,0.0,264,417646,卖盘
275,09:43:43,15.82,0.0,287,453974,买盘
276,09:43:46,15.81,-0.01,139,219788,卖盘
277,09:43:49,15.81,0.0,522,825781,卖盘
278,09:43:52,15.81,0.0,332,524946,卖盘
279,09:43:55,15.82,0.01,334,528267,买盘
280,09:43:58,15.81,-0.01,153,241962,卖盘
281,09:44:01,15.82,0.01,731,1155818,买盘
282,09:44:04,15.82,0.0,159,251550,卖盘
283,09:44:07,15.82,0.0,72,113904,卖盘
284,09:44:10,15.83,0.01,212,335457,买盘
285,09:44:12,15.83,0.0,382,604301,买盘
286,09:44:16,15.83,0.0,147,232570,买盘
287,09:44:19,15.83,0.0,141,223138,买盘
288,09:44:22,15.83,0.0,67,106030,买盘
289,09:44:25,15.83,0.0,122,193136,买盘
290,09:44:28,15.84,0.01,55,87072,买盘
291,09:44:31,15.83,-0.01,107,169370,卖盘
292,09:44:34,15.84,0.01,125,197906,买盘
293,09:44:37,15.84,0.0,163,258081,卖盘
294,09:44:40,15.84,0.0,6,9504,卖盘
295,09:44:43,15.83,-0.01,436,690255,卖盘
296,09:44:46,15.84,0.01,83,131472,买盘
297,09:44:48,15.84,0.0,107,169377,买盘
298,09:44:52,15.83,-0.01,138,218526,卖盘
299,09:44:55,15.83,0.0,1801,2848304,买盘
300,09:44:58,15.82,-0.01,209,330804,卖盘
301,09:45:01,15.84,0.02,310,490709,买盘
302,09:45:04,15.84,0.0,56,88678,卖盘
303,09:45:07,15.83,-0.01,76,120308,卖盘
304,09:45:10,15.84,0.01,663,1050042,买盘
305,09:45:13,15.84,0.0,108,171072,卖盘
306,09:45:16,15.84,0.0,183,289872,卖盘
307,09:45:19,15.85,0.01,342,541864,买盘
308,09:45:22,15.83,-0.02,134,212243,卖盘
309,09:45:25,15.85,0.02,28,44354,买盘
310,09:45:28,15.84,-0.01,108,171113,卖盘
311,09:45:31,15.84,0.0,91,144134,买盘
312,09:45:34,15.84,0.0,56,88689,买盘
313,09:45:37,15.83,-0.01,71,112398,卖盘
314,09:45:40,15.84,0.01,294,465598,买盘
315,09:45:42,15.83,-0.01,153,242199,卖盘
316,09:45:46,15.83,0.0,70,110810,买盘
317,09:45:49,15.83,0.0,43,68067,买盘
318,09:45:51,15.83,0.0,540,854748,买盘
319,09:45:55,15.83,0.0,26,41158,买盘
320,09:45:58,15.83,0.0,152,240532,买盘
321,09:46:01,15.82,-0.01,190,300710,卖盘
322,09:46:05,15.83,0.01,76,120298,买盘
323,09:46:07,15.83,0.0,41,64907,卖盘
324,09:46:10,15.83,0.0,103,163049,卖盘
325,09:46:13,15.83,0.0,118,186795,卖盘
326,09:46:16,15.83,0.0,178,281786,卖盘
327,09:46:19,15.84,0.01,222,351606,买盘
328,09:46:22,15.84,0.0,269,426031,买盘
329,09:46:25,15.84,0.0,135,213838,买盘
330,09:46:28,15.84,0.0,48,76022,卖盘
331,09:46:31,15.84,0.0,39,61781,卖盘
332,09:46:34,15.84,0.0,55,87120,卖盘
333,09:46:37,15.85,0.01,96,152074,买盘
334,09:46:40,15.84,-0.01,144,228103,卖盘
335,09:46:43,15.84,0.0,41,64946,买盘
336,09:46:46,15.85,0.01,232,367670,买盘
337,09:46:48,15.84,-0.01,67,106128,卖盘
338,09:46:52,15.84,0.0,63,99837,卖盘
339,09:46:55,15.85,0.01,71,112538,买盘
340,09:46:58,15.85,0.0,20,31700,卖盘
341,09:47:01,15.85,0.0,66,104619,卖盘
342,09:47:04,15.85,0.0,285,451948,卖盘
343,09:47:07,15.85,0.0,25,39635,卖盘
344,09:47:10,15.85,0.0,335,531063,卖盘
345,09:47:13,15.85,0.0,88,139571,卖盘
346,09:47:16,15.86,0.01,61,96706,买盘
347,09:47:19,15.86,0.0,174,275971,买盘
348,09:47:22,15.85,-0.01,248,393312,卖盘
349,09:47:25,15.86,0.01,30,47580,中性盘
350,09:47:28,15.85,-0.01,410,649896,卖盘
351,09:47:31,15.84,-0.01,237,375494,卖盘
352,09:47:34,15.85,0.01,284,449908,买盘
353,09:47:37,15.84,-0.01,82,129922,卖盘
354,09:47:40,15.84,0.0,81,128276,买盘
355,09:47:42,15.83,-0.01,68,107688,卖盘
356,09:47:46,15.84,0.01,83,131448,买盘
357,09:47:49,15.84,0.0,128,202715,买盘
358,09:47:52,15.84,0.0,35,55429,买盘
359,09:47:55,15.83,-0.01,79,125086,卖盘
360,09:47:58,15.83,0.0,337,533716,卖盘
361,09:48:01,15.83,0.0,923,1461042,卖盘
362,09:48:05,15.83,0.0,115,181964,买盘
363,09:48:07,15.83,0.0,148,234270,买盘
364,09:48:10,15.82,-0.01,427,675555,卖盘
365,09:48:13,15.81,-0.01,1216,1924229,卖盘
366,09:48:16,15.82,0.01,124,196118,中性盘
367,09:48:19,15.82,0.0,58,91745,买盘
368,09:48:22,15.82,0.0,33,52187,买盘
369,09:48:25,15.82,0.0,27,42714,买盘
370,09:48:28,15.81,-0.01,708,1119366,卖盘
371,09:48:31,15.82,0.01,386,610652,买盘
372,09:48:34,15.82,0.0,137,216734,卖盘
373,09:48:36,15.82,0.0,101,159783,卖盘
374,09:48:40,15.82,0.0,100,158200,买盘
375,09:48:43,15.81,-0.01,33,52190,卖盘
376,09:48:46,15.8,-0.01,593,937464,卖盘
377,09:48:49,15.81,0.01,363,573667,卖盘
378,09:48:52,15.81,0.0,318,502753,买盘
379,09:48:55,15.81,0.0,115,181708,买盘
380,09:48:58,15.8,-0.01,291,459821,卖盘
381,09:49:01,15.8,0.0,243,384007,卖盘
382,09:49:04,15.8,0.0,2991,4726055,卖盘
383,09:49:07,15.8,0.0,257,405836,买盘
384,09:49:10,15.81,0.01,690,1090552,买盘
385,09:49:13,15.8,-0.01,306,483471,卖盘
386,09:49:16,15.8,0.0,124,195883,买盘
387,09:49:19,15.8,0.0,46,72651,买盘
388,09:49:22,15.8,0.0,53,83763,卖盘
389,09:49:25,15.81,0.01,189,298605,买盘
390,09:49:28,15.8,-0.01,305,481750,卖盘
391,09:49:31,15.81,0.01,495,782589,买盘
392,09:49:33,15.81,0.0,98,154938,卖盘
393,09:49:37,15.82,0.01,622,983748,买盘
394,09:49:40,15.8,-0.02,36,56897,卖盘
395,09:49:43,15.81,0.01,158,249827,卖盘
396,09:49:46,15.83,0.02,10,15828,买盘
397,09:49:49,15.83,0.0,45,71200,买盘
398,09:49:52,15.82,-0.01,11,17403,卖盘
399,09:49:55,15.81,-0.01,98,154997,卖盘
400,09:49:58,15.83,0.02,66,104436,买盘
401,09:50:01,15.82,-0.01,20,31646,卖盘
402,09:50:05,15.82,0.0,80,126587,卖盘
403,09:50:07,15.83,0.01,274,433742,买盘
404,09:50:10,15.82,-0.01,106,167766,卖盘
405,09:50:13,15.83,0.01,57,90208,买盘
406,09:50:16,15.84,0.01,126,199514,买盘
407,09:50:19,15.84,0.0,79,125060,买盘
408,09:50:22,15.83,-0.01,39,61768,中性盘
409,09:50:25,15.83,0.0,94,148877,卖盘
410,09:50:28,15.82,-0.01,146,231105,卖盘
411,09:50:31,15.83,0.01,51,80733,买盘
412,09:50:34,15.83,0.0,40,63320,卖盘
413,09:50:37,15.83,0.0,68,107644,买盘
414,09:50:40,15.83,0.0,114,180497,卖盘
415,09:50:43,15.82,-0.01,165,261131,卖盘
416,09:50:46,15.83,0.01,16,25328,买盘
417,09:50:49,15.83,0.0,106,167700,买盘
418,09:50:52,15.83,0.0,206,325967,买盘
419,09:50:55,15.83,0.0,100,158272,买盘
420,09:50:58,15.83,0.0,70,110760,买盘
421,09:51:01,15.82,-0.01,6,9492,卖盘
422,09:51:05,15.83,0.01,41,64903,买盘
423,09:51:07,15.83,0.0,71,112357,买盘
424,09:51:10,15.82,-0.01,134,212002,卖盘
425,09:51:13,15.82,0.0,50,79098,买盘
426,09:51:16,15.82,0.0,59,93337,买盘
427,09:51:19,15.83,0.01,149,235716,买盘
428,09:51:22,15.83,0.0,88,139236,买盘
429,09:51:25,15.82,-0.01,72,113942,卖盘
430,09:51:28,15.82,0.0,110,174125,卖盘
431,09:51:31,15.82,0.0,165,261213,卖盘
432,09:51:34,15.82,0.0,118,186694,卖盘
433,09:51:37,15.83,0.01,16,25328,买盘
434,09:51:40,15.83,0.0,20,31660,卖盘
435,09:51:43,15.83,0.0,109,172547,卖盘
436,09:51:46,15.84,0.01,67,106063,买盘
437,09:51:49,15.84,0.0,36,56998,买盘
438,09:51:52,15.84,0.0,10,15832,买盘
439,09:51:55,15.84,0.0,131,207471,买盘
440,09:51:58,15.83,-0.01,32,50673,卖盘
441,09:52:01,15.84,0.01,171,270750,买盘
442,09:52:05,15.85,0.01,95,150490,买盘
443,09:52:07,15.84,-0.01,33,52272,卖盘
444,09:52:10,15.85,0.01,27,42780,买盘
445,09:52:13,15.84,-0.01,48,76070,卖盘
446,09:52:16,15.84,0.0,149,236001,卖盘
447,09:52:19,15.84,0.0,332,525651,买盘
448,09:52:22,15.84,0.0,82,129823,买盘
449,09:52:25,15.84,0.0,120,190062,买盘
450,09:52:28,15.84,0.0,86,136163,买盘
451,09:52:31,15.84,0.0,76,120372,买盘
452,09:52:34,15.84,0.0,174,275601,买盘
453,09:52:37,15.84,0.0,117,185314,买盘
454,09:52:40,15.84,0.0,116,183706,买盘
455,09:52:42,15.84,0.0,44,69692,买盘
456,09:52:46,15.84,0.0,75,118800,卖盘
457,09:52:49,15.84,0.0,12,19008,卖盘
458,09:52:52,15.84,0.0,100,158409,卖盘
459,09:52:55,15.84,0.0,84,133069,卖盘
460,09:52:58,15.84,0.0,133,210718,卖盘
461,09:53:01,15.85,0.01,322,510139,买盘
462,09:53:05,15.84,-0.01,135,213914,中性盘
463,09:53:07,15.85,0.01,80,126795,买盘
464,09:53:10,15.84,-0.01,72,114079,卖盘
465,09:53:12,15.84,0.0,135,213848,卖盘
466,09:53:16,15.85,0.01,34,53864,买盘
467,09:53:19,15.84,-0.01,60,95085,卖盘
468,09:53:22,15.85,0.01,287,454648,买盘
469,09:53:25,15.83,-0.02,118,186936,卖盘
470,09:53:28,15.84,0.01,45,71280,买盘
471,09:53:31,15.84,0.0,62,98188,买盘
472,09:53:34,15.84,0.0,85,134619,买盘
473,09:53:37,15.84,0.0,69,109296,买盘
474,09:53:40,15.84,0.0,41,64936,买盘
475,09:53:43,15.83,-0.01,71,112447,卖盘
476,09:53:46,15.83,0.0,102,161536,卖盘
477,09:53:49,15.84,0.01,71,112464,买盘
478,09:53:52,15.83,-0.01,113,179049,卖盘
479,09:53:55,15.83,0.0,57,90260,卖盘
480,09:53:58,15.84,0.01,48,75992,买盘
481,09:54:01,15.84,0.0,43,68100,卖盘
482,09:54:05,15.83,-0.01,111,175724,卖盘
483,09:54:07,15.84,0.01,152,240720,买盘
484,09:54:10,15.86,0.02,645,1021995,买盘
485,09:54:13,15.84,-0.02,212,335628,卖盘
486,09:54:16,15.84,0.0,2,3168,卖盘
487,09:54:19,15.86,0.02,110,174452,买盘
488,09:54:25,15.85,-0.01,27,42792,中性盘
489,09:54:28,15.85,0.0,26,41214,中性盘
490,09:54:31,15.86,0.01,57,90362,买盘
491,09:54:34,15.85,-0.01,531,842459,卖盘
492,09:54:37,15.86,0.01,31,49166,买盘
493,09:54:40,15.85,-0.01,135,214105,卖盘
494,09:54:43,15.87,0.02,196,311030,买盘
495,09:54:46,15.87,0.0,1530,2428115,卖盘
496,09:54:49,15.87,0.0,55,87270,买盘
497,09:54:52,15.87,0.0,72,114244,买盘
498,09:54:55,15.87,0.0,106,168222,买盘
499,09:54:58,15.87,0.0,11,17457,卖盘
500,09:55:01,15.88,0.01,132,209467,买盘
501,09:55:05,15.87,-0.01,220,349186,卖盘
502,09:55:07,15.86,-0.01,338,536624,卖盘
503,09:55:10,15.87,0.01,34,53957,买盘
504,09:55:13,15.87,0.0,99,157091,买盘
505,09:55:16,15.86,-0.01,52,82491,卖盘
506,09:55:19,15.87,0.01,127,201522,买盘
507,09:55:22,15.87,0.0,186,295182,卖盘
508,09:55:25,15.88,0.01,96,152362,买盘
509,09:55:28,15.86,-0.02,53,84135,卖盘
510,09:55:31,15.86,0.0,200,317238,卖盘
511,09:55:34,15.86,0.0,222,352068,买盘
512,09:55:37,15.85,-0.01,91,144249,卖盘
513,09:55:40,15.85,0.0,162,256804,卖盘
514,09:55:43,15.84,-0.01,35,55446,卖盘
515,09:55:46,15.85,0.01,63,99856,买盘
516,09:55:49,15.85,0.0,65,103037,卖盘
517,09:55:52,15.85,0.0,48,76079,卖盘
518,09:55:55,15.86,0.01,142,225036,买盘
519,09:55:58,15.85,-0.01,39,61815,中性盘
520,09:56:01,15.85,0.0,46,72910,卖盘
521,09:56:05,15.84,-0.01,465,736672,卖盘
522,09:56:07,15.83,-0.01,118,186837,卖盘
523,09:56:10,15.84,0.01,294,465887,买盘
524,09:56:13,15.84,0.0,63,99792,卖盘
525,09:56:16,15.83,-0.01,160,253387,卖盘
526,09:56:19,15.83,0.0,99,156767,卖盘
527,09:56:22,15.83,0.0,138,218675,卖盘
528,09:56:25,15.82,-0.01,83,131376,卖盘
529,09:56:28,15.82,0.0,44,69651,卖盘
530,09:56:31,15.82,0.0,49,77520,卖盘
531,09:56:34,15.82,0.0,138,218325,卖盘
532,09:56:37,15.83,0.01,202,319639,买盘
533,09:56:39,15.83,0.0,32,50657,卖盘
534,09:56:43,15.83,0.0,58,91824,卖盘
535,09:56:46,15.83,0.0,40,63320,买盘
536,09:56:48,15.82,-0.01,117,185144,卖盘
537,09:56:52,15.83,0.01,60,94980,卖盘
538,09:56:54,15.83,0.0,42,66486,卖盘
539,09:56:58,15.83,0.0,140,221657,卖盘
540,09:57:01,15.82,-0.01,68,107636,卖盘
541,09:57:05,15.82,0.0,6,9497,卖盘
542,09:57:07,15.82,0.0,59,93375,卖盘
543,09:57:10,15.82,0.0,223,352787,卖盘
544,09:57:13,15.82,0.0,200,316497,卖盘
545,09:57:16,15.81,-0.01,393,621468,卖盘
546,09:57:19,15.82,0.01,46,72794,卖盘
547,09:57:22,15.82,0.0,21,33222,卖盘
548,09:57:24,15.82,0.0,42,66454,卖盘
549,09:57:28,15.82,0.0,47,74354,买盘
550,09:57:31,15.82,0.0,34,53781,买盘
551,09:57:34,15.82,0.0,168,265776,买盘
552,09:57:37,15.82,0.0,89,140798,卖盘
553,09:57:40,15.82,0.0,224,354368,卖盘
554,09:57:43,15.83,0.01,351,554513,买盘
555,09:57:46,15.83,0.0,41,64903,卖盘
556,09:57:49,15.83,0.0,9,14247,卖盘
557,09:57:52,15.85,0.02,162,256608,买盘
558,09:57:55,15.84,-0.01,71,112424,中性盘
559,09:57:58,15.83,-0.01,172,272328,卖盘
560,09:58:01,15.85,0.02,5,7925,买盘
561,09:58:05,15.85,0.0,46,72885,买盘
562,09:58:07,15.84,-0.01,51,80795,卖盘
563,09:58:10,15.85,0.01,29,45960,买盘
564,09:58:13,15.85,0.0,77,121989,买盘
565,09:58:15,15.85,0.0,34,53867,买盘
566,09:58:19,15.84,-0.01,88,139452,卖盘
567,09:58:22,15.85,0.01,10,15850,买盘
568,09:58:25,15.84,-0.01,283,448272,卖盘
569,09:58:28,15.84,0.0,92,145723,买盘
570,09:58:31,15.84,0.0,214,338976,买盘
571,09:58:34,15.84,0.0,41,64939,买盘
572,09:58:37,15.84,0.0,49,77608,买盘
573,09:58:40,15.84,0.0,187,296204,买盘
574,09:58:43,15.84,0.0,62,98203,买盘
575,09:58:46,15.83,-0.01,83,131414,卖盘
576,09:58:49,15.84,0.01,92,145735,买盘
577,09:58:52,15.85,0.01,7,11091,买盘
578,09:58:55,15.84,-0.01,42,66528,卖盘
579,09:58:58,15.84,0.0,18,28518,卖盘
580,09:59:01,15.85,0.01,137,217041,买盘
581,09:59:05,15.85,0.0,101,160080,买盘
582,09:59:07,15.85,0.0,17,26945,买盘
583,09:59:10,15.84,-0.01,64,101386,卖盘
584,09:59:13,15.85,0.01,68,107773,买盘
585,09:59:16,15.85,0.0,152,240828,买盘
586,09:59:19,15.85,0.0,94,148977,买盘
587,09:59:22,15.85,0.0,90,142608,买盘
588,09:59:25,15.84,-0.01,17,26928,卖盘
589,09:59:28,15.84,0.0,25,39613,卖盘
590,09:59:31,15.85,0.01,17,26937,买盘
591,09:59:34,15.84,-0.01,316,501348,卖盘
592,09:59:37,15.84,0.0,96,151272,卖盘
593,09:59:40,15.84,0.0,37,58608,买盘
594,09:59:43,15.84,0.0,72,114845,买盘
595,09:59:46,15.85,0.01,77,121958,买盘
596,09:59:49,15.84,-0.01,242,383198,卖盘
597,09:59:51,15.84,0.0,69,109296,卖盘
598,09:59:55,15.84,0.0,62,98208,买盘
599,09:59:58,15.84,0.0,822,1301257,卖盘
600,10:00:05,15.84,0.0,204,322947,买盘
601,10:00:07,15.83,-0.01,34,53844,卖盘
602,10:00:10,15.84,0.01,228,361243,买盘
603,10:00:13,15.83,-0.01,127,201216,卖盘
604,10:00:15,15.82,-0.01,56,88388,卖盘
605,10:00:22,15.83,0.01,4,6332,买盘
606,10:00:24,15.82,-0.01,70,110745,卖盘
607,10:00:28,15.82,0.0,46,72773,卖盘
608,10:00:31,15.82,0.0,129,204084,卖盘
609,10:00:34,15.83,0.01,174,275398,买盘
610,10:00:37,15.83,0.0,8,12664,卖盘
611,10:00:39,15.83,0.0,64,101317,卖盘
612,10:00:43,15.83,0.0,96,151968,卖盘
613,10:00:46,15.83,0.0,79,124195,买盘
614,10:00:49,15.82,-0.01,270,427175,卖盘
615,10:00:52,15.83,0.01,31,49068,中性盘
616,10:00:55,15.83,0.0,89,140887,卖盘
617,10:00:58,15.83,0.0,69,109227,卖盘
618,10:01:01,15.83,0.0,57,90229,买盘
619,10:01:04,15.83,0.0,79,125027,买盘
620,10:01:06,15.82,-0.01,18,28486,卖盘
621,10:01:10,15.83,0.01,52,82272,买盘
622,10:01:12,15.82,-0.01,136,215241,卖盘
623,10:01:16,15.82,0.0,67,106020,卖盘
624,10:01:19,15.82,0.0,219,346461,卖盘
625,10:01:22,15.82,0.0,418,661054,卖盘
626,10:01:25,15.82,0.0,71,112322,买盘
627,10:01:28,15.82,0.0,248,392266,卖盘
628,10:01:31,15.81,-0.01,92,145452,卖盘
629,10:01:34,15.82,0.01,146,230847,买盘
630,10:01:37,15.81,-0.01,145,229250,卖盘
631,10:01:40,15.81,0.0,352,556521,卖盘
632,10:01:43,15.81,0.0,170,269928,卖盘
633,10:01:46,15.81,0.0,28,44265,卖盘
634,10:01:49,15.8,-0.01,60,94811,卖盘
635,10:01:52,15.8,0.0,34,53724,卖盘
636,10:01:55,15.8,0.0,447,706274,卖盘
637,10:01:58,15.8,0.0,558,881653,卖盘
638,10:02:01,15.8,0.0,267,421875,卖盘
639,10:02:04,15.78,-0.02,1108,1750197,卖盘
640,10:02:07,15.8,0.02,102,161157,买盘
641,10:02:10,15.78,-0.02,131,206945,卖盘
642,10:02:12,15.78,0.0,3052,4813242,卖盘
643,10:02:16,15.76,-0.02,113,178277,卖盘
644,10:02:19,15.79,0.03,26,41050,买盘
645,10:02:22,15.78,-0.01,549,864817,卖盘
646,10:02:25,15.77,-0.01,74,116595,买盘
647,10:02:28,15.76,-0.01,139,219258,中性盘
648,10:02:31,15.75,-0.01,479,754571,卖盘
649,10:02:34,15.75,0.0,252,397077,卖盘
650,10:02:37,15.76,0.01,269,423738,买盘
651,10:02:39,15.75,-0.01,261,411302,卖盘
652,10:02:43,15.74,-0.01,645,1015945,卖盘
653,10:02:46,15.75,0.01,290,456799,买盘
654,10:02:49,15.75,0.0,156,245711,卖盘
655,10:02:52,15.75,0.0,459,723052,卖盘
656,10:02:55,15.74,-0.01,324,510220,卖盘
657,10:02:57,15.75,0.01,678,1067776,买盘
658,10:03:01,15.73,-0.02,1345,2116096,卖盘
659,10:03:05,15.74,0.01,138,217171,买盘
660,10:03:07,15.73,-0.01,575,904866,卖盘
661,10:03:10,15.74,0.01,58,91236,中性盘
662,10:03:13,15.73,-0.01,103,162101,卖盘
663,10:03:15,15.75,0.02,162,254985,买盘
664,10:03:19,15.74,-0.01,778,1223360,卖盘
665,10:03:22,15.74,0.0,472,743361,卖盘
666,10:03:25,15.74,0.0,139,218841,卖盘
667,10:03:28,15.75,0.01,74,116508,买盘
668,10:03:31,15.74,-0.01,64,100774,卖盘
669,10:03:34,15.75,0.01,52,81930,买盘
670,10:03:39,15.75,0.0,114,179550,卖盘
671,10:03:43,15.75,0.0,161,253647,买盘
672,10:03:46,15.75,0.0,77,121368,卖盘
673,10:03:49,15.75,0.0,170,267790,卖盘
674,10:03:52,15.75,0.0,105,165405,卖盘
675,10:03:55,15.76,0.01,108,170243,中性盘
676,10:03:57,15.76,0.0,85,133943,卖盘
677,10:04:01,15.77,0.01,198,312193,买盘
678,10:04:05,15.77,0.0,114,179881,卖盘
679,10:04:07,15.77,0.0,427,673380,卖盘
680,10:04:10,15.78,0.01,106,167266,买盘
681,10:04:13,15.78,0.0,6,9468,卖盘
682,10:04:16,15.79,0.01,11,17363,买盘
683,10:04:18,15.78,-0.01,52,82083,卖盘
684,10:04:22,15.79,0.01,41,64738,买盘
685,10:04:25,15.79,0.0,179,282633,买盘
686,10:04:28,15.79,0.0,56,88422,买盘
687,10:04:31,15.8,0.01,57,90005,买盘
688,10:04:34,15.79,-0.01,83,131114,卖盘
689,10:04:37,15.8,0.01,44,69501,买盘
690,10:04:40,15.8,0.0,178,281178,买盘
691,10:04:43,15.79,-0.01,133,210100,卖盘
692,10:04:46,15.8,0.01,116,183278,买盘
693,10:04:48,15.8,0.0,539,851027,买盘
694,10:04:52,15.79,-0.01,5,7894,中性盘
695,10:04:55,15.79,0.0,21,33162,买盘
696,10:04:58,15.78,-0.01,67,105772,卖盘
697,10:05:01,15.79,0.01,153,241447,买盘
698,10:05:04,15.78,-0.01,47,74210,卖盘
699,10:05:07,15.79,0.01,355,560831,买盘
700,10:05:10,15.79,0.0,75,118404,买盘
701,10:05:13,15.79,0.0,31,48946,卖盘
702,10:05:16,15.8,0.01,45,71069,买盘
703,10:05:19,15.79,-0.01,149,235279,卖盘
704,10:05:22,15.8,0.01,10,15798,买盘
705,10:05:25,15.79,-0.01,30,47375,卖盘
706,10:05:28,15.79,0.0,94,148425,买盘
707,10:05:31,15.8,0.01,39,61588,买盘
708,10:05:34,15.79,-0.01,190,300010,卖盘
709,10:05:37,15.8,0.01,161,254679,买盘
710,10:05:39,15.78,-0.02,113,178368,卖盘
711,10:05:43,15.79,0.01,79,124741,买盘
712,10:05:46,15.79,0.0,87,137393,买盘
713,10:05:49,15.78,-0.01,170,268304,卖盘
714,10:05:51,15.79,0.01,48,75745,买盘
715,10:05:55,15.79,0.0,47,74179,买盘
716,10:05:58,15.79,0.0,54,85264,买盘
717,10:06:01,15.79,0.0,46,72611,买盘
718,10:06:05,15.79,0.0,10,15783,买盘
719,10:06:07,15.78,-0.01,397,626466,卖盘
720,10:06:10,15.78,0.0,136,213689,卖盘
721,10:06:12,15.79,0.01,62,97848,买盘
722,10:06:16,15.78,-0.01,45,71008,中性盘
723,10:06:19,15.78,0.0,4,6312,卖盘
724,10:06:21,15.78,0.0,110,173553,卖盘
725,10:06:25,15.78,0.0,55,86758,买盘
726,10:06:28,15.78,0.0,75,118300,买盘
727,10:06:31,15.78,0.0,106,167185,买盘
728,10:06:34,15.77,-0.01,592,933723,卖盘
729,10:06:37,15.77,0.0,83,130916,卖盘
730,10:06:40,15.78,0.01,78,123008,买盘
731,10:06:43,15.78,0.0,24,37870,买盘
732,10:06:46,15.77,-0.01,33,52041,卖盘
733,10:06:49,15.78,0.01,239,376964,买盘
734,10:06:51,15.77,-0.01,215,339054,卖盘
735,10:06:55,15.77,0.0,100,157700,买盘
736,10:06:58,15.78,0.01,93,146666,买盘
737,10:07:01,15.77,-0.01,89,140322,中性盘
738,10:07:04,15.77,0.0,109,171826,买盘
739,10:07:07,15.77,0.0,77,121372,买盘
740,10:07:10,15.77,0.0,101,159201,买盘
741,10:07:13,15.77,0.0,62,97774,买盘
742,10:07:15,15.77,0.0,46,73457,卖盘
743,10:07:19,15.77,0.0,68,107236,卖盘
744,10:07:21,15.78,0.01,178,280761,买盘
745,10:07:24,15.77,-0.01,26,41002,卖盘
746,10:07:28,15.78,0.01,76,119894,买盘
747,10:07:31,15.78,0.0,329,519150,买盘
748,10:07:34,15.78,0.0,86,135663,卖盘
749,10:07:37,15.78,0.0,34,53669,卖盘
750,10:07:39,15.77,-0.01,44,69427,卖盘
751,10:07:43,15.78,0.01,21,33118,买盘
752,10:07:46,15.78,0.0,92,145175,买盘
753,10:07:48,15.78,0.0,27,42606,卖盘
754,10:07:52,15.78,0.0,23,36304,卖盘
755,10:07:55,15.78,0.0,107,168846,卖盘
756,10:07:58,15.78,0.0,4,6312,买盘
757,10:08:00,15.78,0.0,43,67854,买盘
758,10:08:05,15.78,0.0,30,47339,买盘
759,10:08:07,15.77,-0.01,42,66252,卖盘
760,10:08:10,15.78,0.01,248,391344,买盘
761,10:08:13,15.79,0.01,71,112058,买盘
762,10:08:15,15.78,-0.01,92,145228,卖盘
763,10:08:19,15.78,0.0,52,82079,卖盘
764,10:08:22,15.8,0.02,571,902048,买盘
765,10:08:24,15.8,0.0,1,1580,卖盘
766,10:08:28,15.81,0.01,46,72700,买盘
767,10:08:31,15.81,0.0,79,124899,买盘
768,10:08:33,15.81,0.0,20,31746,卖盘
769,10:08:36,15.82,0.01,113,178674,买盘
770,10:08:39,15.81,-0.01,98,154972,卖盘
771,10:08:43,15.81,0.0,89,140774,买盘
772,10:08:46,15.82,0.01,19,30048,买盘
773,10:08:48,15.82,0.0,121,191321,买盘
774,10:08:51,15.82,0.0,87,137633,买盘
775,10:08:54,15.82,0.0,34,53788,买盘
776,10:08:57,15.82,0.0,110,174020,买盘
777,10:09:01,15.82,0.0,20,31640,卖盘
778,10:09:05,15.82,0.0,4,6328,卖盘
779,10:09:07,15.82,0.0,31,49042,卖盘
780,10:09:10,15.82,0.0,296,468391,卖盘
781,10:09:12,15.82,0.0,104,164588,卖盘
782,10:09:16,15.82,0.0,60,94929,买盘
783,10:09:18,15.82,0.0,17,26894,买盘
784,10:09:21,15.83,0.01,182,287536,买盘
785,10:09:25,15.82,-0.01,2,3164,卖盘
786,10:09:28,15.83,0.01,201,317931,买盘
787,10:09:31,15.82,-0.01,26,41139,卖盘
788,10:09:34,15.82,0.0,41,64894,卖盘
789,10:09:37,15.83,0.01,11,17413,买盘
790,10:09:40,15.83,0.0,99,156623,买盘
791,10:09:43,15.83,0.0,115,181980,买盘
792,10:09:45,15.83,0.0,279,441656,买盘
793,10:09:49,15.84,0.01,198,313253,买盘
794,10:09:51,15.84,0.0,7,11086,买盘
795,10:09:55,15.84,0.0,77,121901,买盘
796,10:09:58,15.83,-0.01,61,96587,卖盘
797,10:10:01,15.84,0.01,58,91871,买盘
798,10:10:05,15.83,-0.01,387,612961,卖盘
799,10:10:07,15.83,0.0,36,57009,卖盘
800,10:10:09,15.84,0.01,26,41168,买盘
801,10:10:12,15.84,0.0,163,258095,买盘
802,10:10:16,15.84,0.0,69,109296,买盘
803,10:10:18,15.84,0.0,51,80784,卖盘
804,10:10:22,15.85,0.01,652,1033410,买盘
805,10:10:25,15.85,0.0,485,767822,买盘
806,10:10:27,15.86,0.01,62,98325,买盘
807,10:10:31,15.86,0.0,99,157014,买盘
808,10:10:34,15.86,0.0,48,76164,卖盘
809,10:10:36,15.86,0.0,13,20618,卖盘
810,10:10:40,15.87,0.01,77,122187,买盘
811,10:10:43,15.87,0.0,47,74552,买盘
812,10:10:46,15.87,0.0,30,47630,买盘
813,10:10:49,15.87,0.0,69,109503,卖盘
814,10:10:52,15.88,0.01,31,49209,买盘
815,10:10:55,15.86,-0.02,187,296699,卖盘
816,10:10:58,15.88,0.02,40,63476,买盘
817,10:11:01,15.87,-0.01,84,133358,卖盘
818,10:11:05,15.86,-0.01,32,50781,卖盘
819,10:11:07,15.86,0.0,55,87245,卖盘
820,10:11:10,15.87,0.01,78,123777,买盘
821,10:11:13,15.87,0.0,43,68236,买盘
822,10:11:16,15.87,0.0,93,147564,买盘
823,10:11:19,15.87,0.0,194,307751,买盘
824,10:11:22,15.87,0.0,218,345926,买盘
825,10:11:25,15.87,0.0,51,80933,卖盘
826,10:11:28,15.87,0.0,95,150754,买盘
827,10:11:31,15.86,-0.01,46,72967,卖盘
828,10:11:33,15.87,0.01,3,4761,买盘
829,10:11:37,15.87,0.0,21,33315,买盘
830,10:11:40,15.86,-0.01,280,444298,卖盘
831,10:11:43,15.87,0.01,103,164252,买盘
832,10:11:46,15.87,0.0,8,12696,卖盘
833,10:11:49,15.87,0.0,59,93633,卖盘
834,10:11:52,15.87,0.0,237,376083,卖盘
835,10:11:55,15.87,0.0,237,376089,买盘
836,10:11:58,15.87,0.0,86,136446,买盘
837,10:12:01,15.87,0.0,220,348186,买盘
838,10:12:05,15.86,-0.01,9,14272,中性盘
839,10:12:07,15.86,0.0,10,15859,买盘
840,10:12:10,15.85,-0.01,44,69815,卖盘
841,10:12:12,15.86,0.01,430,682466,中性盘
842,10:12:16,15.85,-0.01,61,96759,买盘
843,10:12:18,15.84,-0.01,9,14258,卖盘
844,10:12:22,15.85,0.01,6,9506,买盘
845,10:12:25,15.84,-0.01,45,71280,卖盘
846,10:12:28,15.85,0.01,144,228219,买盘
847,10:12:31,15.85,0.0,149,236165,卖盘
848,10:12:33,15.85,0.0,11,17435,卖盘
849,10:12:37,15.85,0.0,121,191785,卖盘
850,10:12:40,15.86,0.01,78,123640,买盘
851,10:12:43,15.86,0.0,72,114170,买盘
852,10:12:45,15.85,-0.01,309,489765,卖盘
853,10:12:49,15.84,-0.01,198,313850,卖盘
854,10:12:52,15.86,0.02,172,272776,买盘
855,10:12:55,15.85,-0.01,18,28531,买盘
856,10:12:58,15.86,0.01,72,114150,买盘
857,10:13:01,15.86,0.0,23,36478,卖盘
858,10:13:05,15.87,0.01,15,23794,买盘
859,10:13:07,15.86,-0.01,11,17446,卖盘
860,10:13:10,15.86,0.0,198,314130,卖盘
861,10:13:12,15.87,0.01,59,93624,买盘
862,10:13:16,15.87,0.0,43,68237,买盘
863,10:13:19,15.87,0.0,40,63460,买盘
864,10:13:22,15.86,-0.01,46,72986,卖盘
865,10:13:25,15.87,0.01,34,53938,买盘
866,10:13:28,15.87,0.0,255,404685,买盘
867,10:13:30,15.87,0.0,106,168222,卖盘
868,10:13:34,15.88,0.01,7,11110,买盘
869,10:13:37,15.88,0.0,56,88904,买盘
870,10:13:39,15.87,-0.01,48,76219,卖盘
871,10:13:43,15.88,0.01,92,146094,买盘
872,10:13:46,15.88,0.0,143,227082,买盘
873,10:13:49,15.89,0.01,69,109571,买盘
874,10:13:52,15.88,-0.01,1,1588,卖盘
875,10:13:55,15.88,0.0,40,63520,卖盘
876,10:13:57,15.89,0.01,314,498858,买盘
877,10:14:00,15.89,0.0,155,246273,买盘
878,10:14:04,15.9,0.01,59,93801,买盘
879,10:14:07,15.89,-0.01,36,57216,卖盘
880,10:14:10,15.9,0.01,121,192381,买盘
881,10:14:13,15.9,0.0,217,344988,买盘
882,10:14:16,15.89,-0.01,162,257529,卖盘
883,10:14:19,15.9,0.01,63,100170,买盘
884,10:14:21,15.9,0.0,192,305213,买盘
885,10:14:25,15.9,0.0,80,127200,买盘
886,10:14:28,15.91,0.01,110,174910,买盘
887,10:14:31,15.91,0.0,31,49320,买盘
888,10:14:34,15.91,0.0,636,1013204,卖盘
889,10:14:37,15.91,0.0,68,108247,卖盘
890,10:14:40,15.92,0.01,44,70044,买盘
891,10:14:43,15.91,-0.01,131,208449,卖盘
892,10:14:46,15.93,0.02,171,272235,买盘
893,10:14:49,15.93,0.0,16,25474,买盘
894,10:14:52,15.93,0.0,23,36639,买盘
895,10:14:55,15.93,0.0,96,152924,买盘
896,10:14:58,15.93,0.0,90,143418,买盘
897,10:15:01,15.93,0.0,275,438077,买盘
898,10:15:05,15.92,-0.01,63,100348,卖盘
899,10:15:06,15.93,0.01,61,97153,买盘
900,10:15:10,15.92,-0.01,225,358277,卖盘
901,10:15:12,15.92,0.0,102,162390,卖盘
902,10:15:16,15.93,0.01,318,506459,买盘
903,10:15:19,15.92,-0.01,42,66872,卖盘
904,10:15:22,15.92,0.0,435,692315,买盘
905,10:15:25,15.92,0.0,126,200542,买盘
906,10:15:28,15.9,-0.02,72,114620,卖盘
907,10:15:30,15.9,0.0,275,437321,卖盘
908,10:15:34,15.9,0.0,63,100168,买盘
909,10:15:37,15.9,0.0,124,197153,买盘
910,10:15:39,15.9,0.0,11,17487,买盘
911,10:15:43,15.89,-0.01,79,125534,卖盘
912,10:15:46,15.9,0.01,129,205089,买盘
913,10:15:49,15.89,-0.01,29,46087,卖盘
914,10:15:52,15.89,0.0,52,82634,卖盘
915,10:15:55,15.89,0.0,16,25424,卖盘
916,10:15:57,15.89,0.0,86,136679,卖盘
917,10:16:01,15.89,0.0,138,219337,卖盘
918,10:16:05,15.89,0.0,47,74673,买盘
919,10:16:07,15.88,-0.01,82,130288,卖盘
920,10:16:10,15.88,0.0,209,331895,卖盘
921,10:16:12,15.87,-0.01,4,6350,卖盘
922,10:16:16,15.88,0.01,80,127039,买盘
923,10:16:19,15.87,-0.01,280,444585,卖盘
924,10:16:22,15.88,0.01,86,136568,买盘
925,10:16:25,15.88,0.0,26,41288,卖盘
926,10:16:27,15.89,0.01,19,30185,买盘
927,10:16:31,15.88,-0.01,356,565682,卖盘
928,10:16:34,15.89,0.01,114,181090,买盘
929,10:16:37,15.89,0.0,45,71490,卖盘
930,10:16:39,15.88,-0.01,49,77822,卖盘
931,10:16:43,15.89,0.01,172,273217,买盘
932,10:16:46,15.89,0.0,53,84215,买盘
933,10:16:48,15.88,-0.01,47,74649,卖盘
934,10:16:52,15.88,0.0,29,46056,卖盘
935,10:16:55,15.88,0.0,25,39721,卖盘
936,10:16:58,15.89,0.01,17,27000,买盘
937,10:17:01,15.88,-0.01,99,157275,卖盘
938,10:17:05,15.88,0.0,14,22235,卖盘
939,10:17:06,15.88,0.0,42,66707,卖盘
940,10:17:10,15.88,0.0,339,538597,卖盘
941,10:17:13,15.88,0.0,21,33354,卖盘
942,10:17:16,15.89,0.01,157,249446,买盘
943,10:17:18,15.9,0.01,228,362382,买盘
944,10:17:22,15.89,-0.01,491,780598,卖盘
945,10:17:25,15.89,0.0,55,87438,卖盘
946,10:17:28,15.89,0.0,21,33369,卖盘
947,10:17:31,15.9,0.01,14,22260,买盘
948,10:17:34,15.9,0.0,13,20670,卖盘
949,10:17:37,15.9,0.0,54,85892,卖盘
950,10:17:40,15.91,0.01,71,112943,买盘
951,10:17:43,15.91,0.0,88,140008,买盘
952,10:17:46,15.91,0.0,8,12728,卖盘
953,10:17:49,15.91,0.0,20,31820,卖盘
954,10:17:52,15.92,0.01,63,100278,买盘
955,10:17:55,15.91,-0.01,86,136836,卖盘
956,10:17:58,15.91,0.0,21,33429,卖盘
957,10:18:00,15.92,0.01,76,120981,买盘
958,10:18:04,15.92,0.0,43,68430,买盘
959,10:18:07,15.91,-0.01,14,22274,卖盘
960,10:18:10,15.91,0.0,118,187751,卖盘
961,10:18:12,15.92,0.01,96,152776,买盘
962,10:18:16,15.92,0.0,121,192573,买盘
963,10:18:19,15.92,0.0,67,106611,买盘
964,10:18:22,15.91,-0.01,85,135257,买盘
965,10:18:25,15.91,0.0,46,73203,卖盘
966,10:18:28,15.9,-0.01,53,84297,卖盘
967,10:18:31,15.91,0.01,54,85927,中性盘
968,10:18:34,15.91,0.0,64,101886,卖盘
969,10:18:37,15.91,0.0,108,171841,卖盘
970,10:18:39,15.91,0.0,142,225901,卖盘
971,10:18:43,15.9,-0.01,106,168550,卖盘
972,10:18:46,15.91,0.01,101,160689,买盘
973,10:18:48,15.9,-0.01,42,66797,卖盘
974,10:18:52,15.9,0.0,24,38174,卖盘
975,10:18:55,15.9,0.0,2,3180,卖盘
976,10:18:58,15.91,0.01,14,22267,买盘
977,10:19:01,15.9,-0.01,71,112950,卖盘
978,10:19:05,15.91,0.01,84,133562,买盘
979,10:19:06,15.9,-0.01,4,6360,卖盘
980,10:19:10,15.9,0.0,26,41344,卖盘
981,10:19:12,15.91,0.01,53,84278,买盘
982,10:19:16,15.9,-0.01,93,147940,卖盘
983,10:19:18,15.91,0.01,369,587041,买盘
984,10:19:22,15.9,-0.01,9,14317,卖盘
985,10:19:25,15.91,0.01,24,38181,买盘
986,10:19:28,15.9,-0.01,846,1345579,卖盘
987,10:19:31,15.91,0.01,34,54094,卖盘
988,10:19:34,15.91,0.0,27,42957,卖盘
989,10:19:37,15.91,0.0,19,30229,卖盘
990,10:19:40,15.91,0.0,25,39779,卖盘
991,10:19:43,15.91,0.0,302,480488,卖盘
992,10:19:46,15.91,0.0,151,240240,买盘
993,10:19:49,15.91,0.0,110,175010,买盘
994,10:19:52,15.91,0.0,18,28628,买盘
995,10:19:54,15.91,0.0,47,74777,买盘
996,10:19:57,15.9,-0.01,132,210006,卖盘
997,10:20:01,15.91,0.01,87,138414,买盘
998,10:20:04,15.91,0.0,135,214773,买盘
999,10:20:07,15.91,0.0,23,36580,买盘
1000,10:20:09,15.91,0.0,61,97042,买盘
1001,10:20:13,15.9,-0.01,39,62017,卖盘
1002,10:20:16,15.91,0.01,90,143180,买盘
1003,10:20:19,15.9,-0.01,344,546981,卖盘
1004,10:20:22,15.9,0.0,94,149460,卖盘
1005,10:20:25,15.89,-0.01,18,28602,卖盘
1006,10:20:28,15.9,0.01,125,198685,买盘
1007,10:20:30,15.9,0.0,68,108118,买盘
1008,10:20:34,15.89,-0.01,36,57231,卖盘
1009,10:20:37,15.89,0.0,523,831097,卖盘
1010,10:20:40,15.89,0.0,113,179577,卖盘
1011,10:20:43,15.9,0.01,120,190700,买盘
1012,10:20:46,15.88,-0.02,426,676637,卖盘
1013,10:20:49,15.89,0.01,90,143008,买盘
1014,10:20:51,15.89,0.0,26,41314,卖盘
1015,10:20:55,15.89,0.0,92,146188,卖盘
1016,10:20:58,15.89,0.0,146,231994,卖盘
1017,10:21:00,15.89,0.0,293,465480,买盘
1018,10:21:04,15.88,-0.01,15,23820,卖盘
1019,10:21:07,15.89,0.01,253,401777,买盘
1020,10:21:10,15.88,-0.01,228,362064,卖盘
1021,10:21:13,15.88,0.0,4,6352,卖盘
1022,10:21:15,15.88,0.0,120,190648,卖盘
1023,10:21:19,15.89,0.01,74,117514,买盘
1024,10:21:22,15.88,-0.01,65,103225,卖盘
1025,10:21:25,15.89,0.01,69,109598,买盘
1026,10:21:28,15.88,-0.01,327,519484,卖盘
1027,10:21:31,15.88,0.0,62,98456,卖盘
1028,10:21:33,15.88,0.0,20,31760,卖盘
1029,10:21:36,15.88,0.0,101,160388,卖盘
1030,10:21:40,15.88,0.0,30,47640,买盘
1031,10:21:42,15.88,0.0,76,120625,买盘
1032,10:21:46,15.87,-0.01,47,74589,卖盘
1033,10:21:49,15.87,0.0,3,4759,买盘
1034,10:21:52,15.87,0.0,7,11107,买盘
1035,10:21:55,15.86,-0.01,5,7930,卖盘
1036,10:21:58,15.87,0.01,62,98372,买盘
1037,10:22:01,15.86,-0.01,11,17446,卖盘
1038,10:22:04,15.86,0.0,32,50767,卖盘
1039,10:22:07,15.86,0.0,10,15861,卖盘
1040,10:22:09,15.86,0.0,46,72956,卖盘
1041,10:22:13,15.85,-0.01,225,356803,卖盘
1042,10:22:16,15.86,0.01,10,15855,中性盘
1043,10:22:19,15.85,-0.01,84,133191,卖盘
1044,10:22:22,15.86,0.01,50,79300,买盘
1045,10:22:25,15.85,-0.01,64,101443,卖盘
1046,10:22:27,15.86,0.01,80,126820,中性盘
1047,10:22:31,15.87,0.01,267,423603,买盘
1048,10:22:34,15.87,0.0,25,39675,卖盘
1049,10:22:37,15.87,0.0,30,47610,卖盘
1050,10:22:40,15.87,0.0,38,60291,卖盘
1051,10:22:43,15.87,0.0,21,33316,买盘
1052,10:22:46,15.87,0.0,29,46022,买盘
1053,10:22:49,15.86,-0.01,98,155509,卖盘
1054,10:22:52,15.86,0.0,8,12688,卖盘
1055,10:22:55,15.87,0.01,37,58706,买盘
1056,10:22:58,15.87,0.0,91,144414,买盘
1057,10:23:01,15.87,0.0,51,80915,买盘
1058,10:23:04,15.88,0.01,21,33335,买盘
1059,10:23:06,15.87,-0.01,28,44436,卖盘
1060,10:23:10,15.87,0.0,9,14283,卖盘
1061,10:23:13,15.9,0.03,332,527540,买盘
1062,10:23:16,15.88,-0.02,27,42869,中性盘
1063,10:23:19,15.88,0.0,25,39678,买盘
1064,10:23:21,15.88,0.0,206,327504,买盘
1065,10:23:25,15.88,0.0,69,109572,卖盘
1066,10:23:31,15.88,0.0,132,209696,卖盘
1067,10:23:34,15.9,0.02,106,168524,买盘
1068,10:23:36,15.89,-0.01,27,42901,中性盘
1069,10:23:40,15.9,0.01,138,219411,买盘
1070,10:23:43,15.89,-0.01,53,84215,中性盘
1071,10:23:46,15.89,0.0,8,12705,买盘
1072,10:23:49,15.89,0.0,4,6356,买盘
1073,10:23:52,15.89,0.0,54,85835,买盘
1074,10:23:55,15.89,0.0,2,3178,卖盘
1075,10:23:58,15.9,0.01,71,112888,买盘
1076,10:24:01,15.9,0.0,101,160589,买盘
1077,10:24:04,15.9,0.0,108,171720,买盘
1078,10:24:07,15.91,0.01,33,52500,买盘
1079,10:24:09,15.9,-0.01,27,42930,卖盘
1080,10:24:13,15.9,0.0,205,325950,卖盘
1081,10:24:16,15.9,0.0,244,387947,买盘
1082,10:24:19,15.89,-0.01,12,19068,卖盘
1083,10:24:21,15.9,0.01,917,1458029,买盘
1084,10:24:24,15.9,0.0,31,49310,卖盘
1085,10:24:28,15.9,0.0,30,47700,卖盘
1086,10:24:31,15.91,0.01,31,49295,买盘
1087,10:24:34,15.91,0.0,68,108188,买盘
1088,10:24:37,15.91,0.0,100,159100,买盘
1089,10:24:40,15.91,0.0,57,90659,买盘
1090,10:24:42,15.91,0.0,169,268876,买盘
1091,10:24:45,15.91,0.0,80,127280,买盘
1092,10:24:49,15.91,0.0,36,57275,买盘
1093,10:24:51,15.9,-0.01,40,63622,卖盘
1094,10:24:55,15.91,0.01,149,237124,买盘
1095,10:25:01,15.91,0.0,38,60458,卖盘
1096,10:25:04,15.92,0.01,51,81157,买盘
1097,10:25:07,15.92,0.0,24,38199,买盘
1098,10:25:10,15.92,0.0,74,117803,买盘
1099,10:25:12,15.92,0.0,187,296826,买盘
1100,10:25:16,15.92,0.0,25,39788,卖盘
1101,10:25:19,15.92,0.0,36,57313,卖盘
1102,10:25:22,15.94,0.02,807,1285985,买盘
1103,10:25:24,15.93,-0.01,18,28674,卖盘
1104,10:25:28,15.93,0.0,1,1593,卖盘
1105,10:25:31,15.94,0.01,256,408020,买盘
1106,10:25:34,15.94,0.0,17,27098,卖盘
1107,10:25:37,15.94,0.0,148,236044,卖盘
1108,10:25:39,15.94,0.0,527,840047,卖盘
1109,10:25:43,15.93,-0.01,134,213591,卖盘
1110,10:25:46,15.94,0.01,188,299671,买盘
1111,10:25:48,15.93,-0.01,79,125902,卖盘
1112,10:25:51,15.94,0.01,354,564276,买盘
1113,10:25:55,15.95,0.01,53,84490,买盘
1114,10:25:57,15.94,-0.01,189,301283,卖盘
1115,10:26:01,15.94,0.0,51,81294,买盘
1116,10:26:04,15.94,0.0,58,92452,买盘
1117,10:26:07,15.94,0.0,218,347467,买盘
1118,10:26:10,15.94,0.0,146,232724,买盘
1119,10:26:13,15.93,-0.01,366,583313,卖盘
1120,10:26:15,15.94,0.01,123,196058,买盘
1121,10:26:19,15.94,0.0,41,65334,买盘
1122,10:26:22,15.93,-0.01,22,35062,卖盘
1123,10:26:25,15.93,0.0,111,176922,卖盘
1124,10:26:27,15.93,0.0,188,299484,卖盘
1125,10:26:31,15.93,0.0,131,208694,买盘
1126,10:26:34,15.92,-0.01,138,219900,卖盘
1127,10:26:37,15.93,0.01,27,43011,买盘
1128,10:26:40,15.92,-0.01,51,81202,卖盘
1129,10:26:42,15.92,0.0,62,98746,卖盘
1130,10:26:45,15.92,0.0,60,95540,卖盘
1131,10:26:49,15.93,0.01,53,84409,买盘
1132,10:26:52,15.93,0.0,162,258003,买盘
1133,10:26:55,15.92,-0.01,82,130554,卖盘
1134,10:26:58,15.93,0.01,38,60506,买盘
1135,10:27:01,15.93,0.0,69,109881,买盘
1136,10:27:05,15.92,-0.01,20,31840,卖盘
1137,10:27:07,15.93,0.01,41,65304,买盘
1138,10:27:10,15.92,-0.01,79,125769,卖盘
1139,10:27:13,15.92,0.0,23,36616,卖盘
1140,10:27:16,15.92,0.0,111,176712,卖盘
1141,10:27:19,15.91,-0.01,42,66854,卖盘
1142,10:27:22,15.91,0.0,77,122567,卖盘
1143,10:27:25,15.92,0.01,244,388447,买盘
1144,10:27:28,15.91,-0.01,2,3183,卖盘
1145,10:27:31,15.91,0.0,94,149555,卖盘
1146,10:27:33,15.91,0.0,75,119338,卖盘
1147,10:27:37,15.91,0.0,119,189329,卖盘
1148,10:27:40,15.91,0.0,61,97051,卖盘
1149,10:27:43,15.91,0.0,87,138447,卖盘
1150,10:27:45,15.91,0.0,18,28639,卖盘
1151,10:27:49,15.92,0.01,242,385857,买盘
1152,10:27:52,15.91,-0.01,9,14319,买盘
1153,10:27:55,15.91,0.0,7,11137,买盘
1154,10:27:58,15.91,0.0,12,19092,买盘
1155,10:28:00,15.91,0.0,28,44548,买盘
1156,10:28:05,15.9,-0.01,21,33395,卖盘
1157,10:28:07,15.9,0.0,20,31801,卖盘
1158,10:28:09,15.9,0.0,4,6360,卖盘
1159,10:28:12,15.9,0.0,14,22260,卖盘
1160,10:28:16,15.9,0.0,78,124025,卖盘
1161,10:28:19,15.9,0.0,84,133560,卖盘
1162,10:28:22,15.91,0.01,113,179695,买盘
1163,10:28:24,15.9,-0.01,27,42942,卖盘
1164,10:28:27,15.91,0.01,42,66820,买盘
1165,10:28:31,15.91,0.0,234,372296,买盘
1166,10:28:34,15.91,0.0,24,38184,卖盘
1167,10:28:37,15.91,0.0,35,55685,卖盘
1168,10:28:40,15.92,0.01,69,109837,买盘
1169,10:28:43,15.91,-0.01,4,6364,卖盘
1170,10:28:46,15.91,0.0,32,50920,卖盘
1171,10:28:49,15.91,0.0,18,28638,买盘
1172,10:28:52,15.92,0.01,206,327138,买盘
1173,10:28:55,15.92,0.0,105,167194,卖盘
1174,10:28:58,15.93,0.01,48,76424,买盘
1175,10:29:01,15.9,-0.03,288,458369,卖盘
1176,10:29:05,15.91,0.01,35,55660,卖盘
1177,10:29:07,15.91,0.0,20,31820,卖盘
1178,10:29:10,15.91,0.0,42,66822,卖盘
1179,10:29:13,15.9,-0.01,29,46133,卖盘
1180,10:29:19,15.91,0.01,312,496382,买盘
1181,10:29:22,15.91,0.0,3,4773,卖盘
1182,10:29:25,15.91,0.0,307,488437,卖盘
1183,10:29:28,15.91,0.0,52,82687,买盘
1184,10:29:31,15.91,0.0,28,44548,买盘
1185,10:29:34,15.91,0.0,45,71582,买盘
1186,10:29:36,15.91,0.0,251,399336,买盘
1187,10:29:40,15.91,0.0,27,42956,买盘
1188,10:29:43,15.91,0.0,30,47729,买盘
1189,10:29:45,15.9,-0.01,69,109741,卖盘
1190,10:29:49,15.91,0.01,6,9546,中性盘
1191,10:29:54,15.91,0.0,43,68412,卖盘
1192,10:29:58,15.91,0.0,40,63630,买盘
1193,10:30:00,15.9,-0.01,26,41365,卖盘
1194,10:30:04,15.9,0.0,57,90640,卖盘
1195,10:30:07,15.9,0.0,4,6360,卖盘
1196,10:30:10,15.91,0.01,37,58838,买盘
1197,10:30:12,15.9,-0.01,102,162190,卖盘
1198,10:30:16,15.91,0.01,164,260880,买盘
1199,10:30:19,15.9,-0.01,333,529480,卖盘
1200,10:30:22,15.9,0.0,97,154233,卖盘
1201,10:30:24,15.89,-0.01,1002,1593825,卖盘
1202,10:30:28,15.88,-0.01,15,23820,卖盘
1203,10:30:30,15.88,0.0,25,39715,卖盘
1204,10:30:34,15.88,0.0,211,335073,卖盘
1205,10:30:36,15.88,0.0,5,7940,中性盘
1206,10:30:40,15.88,0.0,8,12702,买盘
1207,10:30:43,15.88,0.0,91,144508,买盘
1208,10:30:46,15.87,-0.01,16,25392,卖盘
1209,10:30:48,15.88,0.01,44,69830,买盘
1210,10:30:52,15.87,-0.01,28,43642,卖盘
1211,10:30:55,15.88,0.01,73,115889,买盘
1212,10:30:57,15.87,-0.01,40,63480,卖盘
1213,10:31:00,15.87,0.0,196,311194,卖盘
1214,10:31:05,15.87,0.0,60,95230,卖盘
1215,10:31:07,15.87,0.0,9,14283,卖盘
1216,10:31:09,15.86,-0.01,217,344260,卖盘
1217,10:31:13,15.86,0.0,5,7930,卖盘
1218,10:31:16,15.86,0.0,3,5551,卖盘
1219,10:31:18,15.86,0.0,4,6344,买盘
1220,10:31:22,15.86,0.0,15,22997,买盘
1221,10:31:25,15.87,0.01,220,349892,买盘
1222,10:31:28,15.86,-0.01,27,42822,卖盘
1223,10:31:31,15.85,-0.01,176,279012,卖盘
1224,10:31:33,15.87,0.02,10,15866,买盘
1225,10:31:37,15.86,-0.01,38,60272,卖盘
1226,10:31:40,15.86,0.0,16,25380,卖盘
1227,10:31:42,15.87,0.01,12,19039,买盘
1228,10:31:46,15.86,-0.01,21,33326,卖盘
1229,10:31:49,15.87,0.01,29,46012,买盘
1230,10:31:52,15.87,0.0,66,104691,买盘
1231,10:31:54,15.87,0.0,24,38088,买盘
1232,10:31:58,15.87,0.0,17,26979,买盘
1233,10:32:01,15.85,-0.02,274,433744,卖盘
1234,10:32:04,15.86,0.01,36,57087,买盘
1235,10:32:07,15.86,0.0,24,38064,买盘
1236,10:32:10,15.86,0.0,22,34890,买盘
1237,10:32:13,15.85,-0.01,12,19021,卖盘
1238,10:32:15,15.85,0.0,280,444075,卖盘
1239,10:32:19,15.85,0.0,14,22194,卖盘
1240,10:32:22,15.86,0.01,27,42822,买盘
1241,10:32:25,15.85,-0.01,22,34872,卖盘
1242,10:32:31,15.85,0.0,127,201295,卖盘
1243,10:32:34,15.86,0.01,27,42812,买盘
1244,10:32:37,15.85,-0.01,66,104610,卖盘
1245,10:32:40,15.85,0.0,2,3170,卖盘
1246,10:32:43,15.85,0.0,35,55475,卖盘
1247,10:32:46,15.85,0.0,100,158500,卖盘
1248,10:32:48,15.86,0.01,4,6344,买盘
1249,10:32:52,15.85,-0.01,539,855178,卖盘
1250,10:32:55,15.85,0.0,78,123625,买盘
1251,10:32:58,15.85,0.0,15,23775,买盘
1252,10:33:00,15.85,0.0,13,20605,买盘
1253,10:33:05,15.84,-0.01,442,700291,卖盘
1254,10:33:07,15.84,0.0,312,494505,卖盘
1255,10:33:10,15.85,0.01,59,92718,买盘
1256,10:33:13,15.84,-0.01,17,26940,卖盘
1257,10:33:16,15.86,0.02,27,42785,买盘
1258,10:33:19,15.85,-0.01,4,6340,中性盘
1259,10:33:22,15.86,0.01,60,95143,买盘
1260,10:33:25,15.86,0.0,16,25376,卖盘
1261,10:33:27,15.86,0.0,17,26966,卖盘
1262,10:33:31,15.87,0.01,168,266486,买盘
1263,10:33:34,15.87,0.0,25,39629,买盘
1264,10:33:36,15.87,0.0,28,44420,买盘
1265,10:33:39,15.86,-0.01,54,85643,卖盘
1266,10:33:43,15.86,0.0,16,25376,卖盘
1267,10:33:46,15.85,-0.01,9,14268,卖盘
1268,10:33:48,15.86,0.01,12,19032,买盘
1269,10:33:52,15.86,0.0,10,15859,买盘
1270,10:33:55,15.86,0.0,34,53924,买盘
1271,10:33:57,15.86,0.0,11,17446,买盘
1272,10:34:01,15.86,0.0,10,15860,卖盘
1273,10:34:06,15.86,0.0,1,1586,卖盘
1274,10:34:10,15.86,0.0,3,4758,卖盘
1275,10:34:12,15.86,0.0,11,17456,卖盘
1276,10:34:16,15.86,0.0,4,6344,卖盘
1277,10:34:18,15.87,0.01,183,290421,买盘
1278,10:34:25,15.87,0.0,4,6348,卖盘
1279,10:34:28,15.87,0.0,16,25392,卖盘
1280,10:34:31,15.87,0.0,19,30153,卖盘
1281,10:34:33,15.88,0.01,295,468460,买盘
1282,10:34:37,15.88,0.0,20,31760,卖盘
1283,10:34:39,15.88,0.0,40,63520,卖盘
1284,10:34:43,15.9,0.02,58,92176,买盘
1285,10:34:46,15.9,0.0,87,138330,买盘
1286,10:34:49,15.9,0.0,2,3180,买盘
1287,10:34:54,15.9,0.0,5,7950,买盘
1288,10:34:57,15.9,0.0,1,1590,买盘
1289,10:35:01,15.9,0.0,102,162180,买盘
1290,10:35:04,15.89,-0.01,35,55635,卖盘
1291,10:35:07,15.89,0.0,65,103345,卖盘
1292,10:35:09,15.9,0.01,29,46102,买盘
1293,10:35:12,15.89,-0.01,42,66748,卖盘
1294,10:35:16,15.89,0.0,66,104922,卖盘
1295,10:35:19,15.89,0.0,56,88966,买盘
1296,10:35:22,15.89,0.0,20,31780,买盘
1297,10:35:28,15.88,-0.01,78,124479,卖盘
1298,10:35:31,15.9,0.02,27,42919,买盘
1299,10:35:34,15.89,-0.01,12,19068,买盘
1300,10:35:37,15.89,0.0,7,11123,卖盘
1301,10:35:39,15.89,0.0,81,128709,卖盘
1302,10:35:43,15.9,0.01,318,505304,买盘
1303,10:35:46,15.89,-0.01,63,100162,卖盘
1304,10:35:49,15.9,0.01,17,27019,买盘
1305,10:35:52,15.89,-0.01,130,206570,卖盘
1306,10:35:55,15.89,0.0,61,96929,买盘
1307,10:35:58,15.89,0.0,49,77861,买盘
1308,10:36:00,15.88,-0.01,7,11116,卖盘
1309,10:36:05,15.88,0.0,35,55600,卖盘
1310,10:36:06,15.88,0.0,206,326545,卖盘
1311,10:36:10,15.87,-0.01,35,55552,卖盘
1312,10:36:16,15.87,0.0,38,60322,卖盘
1313,10:36:19,15.88,0.01,15,23820,买盘
1314,10:36:22,15.87,-0.01,87,138069,卖盘
1315,10:36:25,15.88,0.01,134,212779,买盘
1316,10:36:28,15.88,0.0,29,46028,买盘
1317,10:36:31,15.88,0.0,31,49831,买盘
1318,10:36:34,15.88,0.0,52,82576,卖盘
1319,10:36:36,15.88,0.0,26,41288,卖盘
1320,10:36:40,15.88,0.0,62,98481,卖盘
1321,10:36:43,15.89,0.01,20,31780,买盘
1322,10:36:46,15.89,0.0,20,31761,买盘
1323,10:36:48,15.88,-0.01,27,42883,卖盘
1324,10:36:55,15.89,0.01,12,19066,买盘
1325,10:37:01,15.88,-0.01,30,47648,卖盘
1326,10:37:04,15.89,0.01,65,103280,买盘
1327,10:37:07,15.89,0.0,91,144599,买盘
1328,10:37:10,15.88,-0.01,84,133423,卖盘
1329,10:37:13,15.88,0.0,24,38112,卖盘
1330,10:37:15,15.88,0.0,10,15880,卖盘
1331,10:37:19,15.89,0.01,60,95340,买盘
1332,10:37:22,15.89,0.0,142,225497,买盘
1333,10:37:24,15.88,-0.01,62,98456,卖盘
1334,10:37:28,15.89,0.01,25,39725,买盘
1335,10:37:31,15.88,-0.01,21,33354,卖盘
1336,10:37:33,15.88,0.0,32,50816,卖盘
1337,10:37:37,15.88,0.0,23,36524,卖盘
1338,10:37:40,15.89,0.01,7,11122,买盘
1339,10:37:43,15.89,0.0,2,3178,买盘
1340,10:37:46,15.88,-0.01,270,428965,卖盘
1341,10:37:49,15.88,0.0,12,19064,卖盘
1342,10:37:51,15.88,0.0,67,106396,卖盘
1343,10:37:55,15.89,0.01,6,9534,买盘
1344,10:37:58,15.88,-0.01,52,82576,卖盘
1345,10:38:01,15.89,0.01,60,95340,买盘
1346,10:38:04,15.89,0.0,25,39722,买盘
1347,10:38:07,15.89,0.0,1,1589,买盘
1348,10:38:10,15.89,0.0,18,28595,买盘
1349,10:38:12,15.89,0.0,237,376491,买盘
1350,10:38:16,15.88,-0.01,21,33358,卖盘
1351,10:38:19,15.88,0.0,4,6353,卖盘
1352,10:38:21,15.88,0.0,367,583121,卖盘
1353,10:38:25,15.88,0.0,16,25423,卖盘
1354,10:38:28,15.89,0.01,49,77858,买盘
1355,10:38:30,15.88,-0.01,17,26996,卖盘
1356,10:38:34,15.88,0.0,101,160464,卖盘
1357,10:38:37,15.88,0.0,10,15880,卖盘
1358,10:38:40,15.89,0.01,26,41296,买盘
1359,10:38:43,15.88,-0.01,6,9528,卖盘
1360,10:38:45,15.89,0.01,3,4765,买盘
1361,10:38:49,15.88,-0.01,17,27001,卖盘
1362,10:38:52,15.88,0.0,70,111190,卖盘
1363,10:38:58,15.88,0.0,2,3176,卖盘
1364,10:39:01,15.88,0.0,2,3176,卖盘
1365,10:39:05,15.88,0.0,70,111228,卖盘
1366,10:39:06,15.89,0.01,78,123934,买盘
1367,10:39:10,15.89,0.0,15,23832,买盘
1368,10:39:13,15.89,0.0,22,34958,卖盘
1369,10:39:16,15.89,0.0,53,84217,卖盘
1370,10:39:18,15.89,0.0,52,82622,卖盘
1371,10:39:22,15.9,0.01,568,903057,买盘
1372,10:39:25,15.9,0.0,142,225778,买盘
1373,10:39:28,15.89,-0.01,6,9534,卖盘
1374,10:39:31,15.89,0.0,42,66748,卖盘
1375,10:39:34,15.9,0.01,223,354558,买盘
1376,10:39:37,15.9,0.0,344,546165,买盘
1377,10:39:40,15.9,0.0,11,17490,卖盘
1378,10:39:43,15.9,0.0,13,20670,卖盘
1379,10:39:46,15.91,0.01,59,93869,买盘
1380,10:39:49,15.92,0.01,98,155922,买盘
1381,10:39:52,15.91,-0.01,6,9546,中性盘
1382,10:39:54,15.91,0.0,34,54126,卖盘
1383,10:39:58,15.91,0.0,41,65267,卖盘
1384,10:40:01,15.92,0.01,139,221265,买盘
1385,10:40:05,15.93,0.01,154,245176,买盘
1386,10:40:07,15.92,-0.01,13,20696,中性盘
1387,10:40:10,15.93,0.01,23,36624,买盘
1388,10:40:13,15.93,0.0,4,6372,买盘
1389,10:40:16,15.93,0.0,34,54148,买盘
1390,10:40:19,15.93,0.0,30,47783,买盘
1391,10:40:22,15.93,0.0,18,28666,买盘
1392,10:40:25,15.93,0.0,103,164079,买盘
1393,10:40:28,15.93,0.0,116,184737,买盘
1394,10:40:31,15.93,0.0,126,201514,买盘
1395,10:40:34,15.92,-0.01,154,245276,卖盘
1396,10:40:37,15.93,0.01,11,17524,卖盘
1397,10:40:40,15.93,0.0,33,52569,卖盘
1398,10:40:43,15.93,0.0,11,17523,卖盘
1399,10:40:46,15.94,0.01,32,50990,买盘
1400,10:40:48,15.94,0.0,85,135490,买盘
1401,10:40:52,15.93,-0.01,245,390417,卖盘
1402,10:40:55,15.93,0.0,242,385743,卖盘
1403,10:40:58,15.94,0.01,85,135425,买盘
1404,10:41:01,15.94,0.0,22,35067,买盘
1405,10:41:04,15.94,0.0,243,387051,买盘
1406,10:41:07,15.93,-0.01,93,148199,卖盘
1407,10:41:10,15.93,0.0,74,117881,买盘
1408,10:41:13,15.93,0.0,3,4778,买盘
1409,10:41:15,15.93,0.0,9,14337,买盘
1410,10:41:22,15.93,0.0,622,990845,买盘
1411,10:41:25,15.93,0.0,41,65313,卖盘
1412,10:41:27,15.93,0.0,226,360018,卖盘
1413,10:41:31,15.94,0.01,138,219855,买盘
1414,10:41:34,15.93,-0.01,194,309226,卖盘
1415,10:41:37,15.93,0.0,253,403109,卖盘
1416,10:41:40,15.93,0.0,24,38230,买盘
1417,10:41:43,15.93,0.0,10,15930,买盘
1418,10:41:46,15.92,-0.01,1041,1655785,卖盘
1419,10:41:49,15.92,0.0,80,127358,买盘
1420,10:41:51,15.92,0.0,62,98704,买盘
1421,10:41:55,15.9,-0.02,12,19098,卖盘
1422,10:41:58,15.9,0.0,1,1590,卖盘
1423,10:42:05,15.9,0.0,47,74730,卖盘
1424,10:42:07,15.89,-0.01,231,367078,卖盘
1425,10:42:09,15.88,-0.01,992,1575297,卖盘
1426,10:42:13,15.89,0.01,361,572929,买盘
1427,10:42:16,15.86,-0.03,1,1586,卖盘
1428,10:42:18,15.89,0.03,69,109577,买盘
1429,10:42:22,15.86,-0.03,60,95322,卖盘
1430,10:42:24,15.87,0.01,9,14283,卖盘
1431,10:42:31,15.89,0.02,29,46081,卖盘
1432,10:42:34,15.89,0.0,1,1589,卖盘
1433,10:42:37,15.89,0.0,25,39735,卖盘
1434,10:42:40,15.89,0.0,56,88984,卖盘
1435,10:42:43,15.88,-0.01,16,25408,卖盘
1436,10:42:46,15.88,0.0,57,90566,卖盘
1437,10:42:48,15.88,0.0,72,114349,卖盘
1438,10:42:52,15.89,0.01,5,7944,买盘
1439,10:42:55,15.88,-0.01,137,217600,卖盘
1440,10:42:57,15.88,0.0,1193,1892938,卖盘
1441,10:43:01,15.89,0.01,108,171602,买盘
1442,10:43:05,15.89,0.0,31,49259,买盘
1443,10:43:07,15.89,0.0,136,216032,买盘
1444,10:43:10,15.9,0.01,7,11125,买盘
1445,10:43:13,15.9,0.0,19,30198,买盘
1446,10:43:16,15.9,0.0,24,38149,买盘
1447,10:43:19,15.9,0.0,23,36552,买盘
1448,10:43:22,15.89,-0.01,38,60382,卖盘
1449,10:43:25,15.9,0.01,23,36563,买盘
1450,10:43:28,15.89,-0.01,173,274897,卖盘
1451,10:43:31,15.9,0.01,68,108085,买盘
1452,10:43:34,15.9,0.0,5,7950,买盘
1453,10:43:37,15.9,0.0,93,147869,买盘
1454,10:43:40,15.9,0.0,144,228960,买盘
1455,10:43:43,15.9,0.0,5,7950,卖盘
1456,10:43:46,15.91,0.01,33,52502,买盘
1457,10:43:49,15.9,-0.01,8,12720,卖盘
1458,10:43:52,15.91,0.01,312,496543,买盘
1459,10:43:55,15.91,0.0,16,25455,买盘
1460,10:43:58,15.91,0.0,13,20683,买盘
1461,10:44:01,15.91,0.0,73,116119,买盘
1462,10:44:05,15.91,0.0,128,203546,买盘
1463,10:44:07,15.92,0.01,129,205280,买盘
1464,10:44:10,15.9,-0.02,9,14319,卖盘
1465,10:44:13,15.91,0.01,18,28648,卖盘
1466,10:44:15,15.91,0.0,21,33431,卖盘
1467,10:44:19,15.92,0.01,254,404359,买盘
1468,10:44:22,15.92,0.0,44,70048,卖盘
1469,10:44:25,15.92,0.0,22,35024,卖盘
1470,10:44:28,15.92,0.0,222,353630,卖盘
1471,10:44:31,15.92,0.0,18,28656,卖盘
1472,10:44:34,15.92,0.0,13,20696,卖盘
1473,10:44:37,15.92,0.0,56,89181,卖盘
1474,10:44:40,15.91,-0.01,308,490310,卖盘
1475,10:44:43,15.92,0.01,28,44576,买盘
1476,10:44:46,15.92,0.0,10,15912,买盘
1477,10:44:49,15.91,-0.01,1,1591,卖盘
1478,10:44:52,15.91,0.0,18,28639,卖盘
1479,10:44:55,15.92,0.01,34,54097,买盘
1480,10:44:58,15.91,-0.01,31,49323,卖盘
1481,10:45:01,15.92,0.01,155,245980,买盘
1482,10:45:05,15.93,0.01,31,49363,买盘
1483,10:45:07,15.93,0.0,67,106674,买盘
1484,10:45:10,15.93,0.0,183,291519,买盘
1485,10:45:13,15.92,-0.01,31,49352,卖盘
1486,10:45:16,15.92,0.0,118,187911,卖盘
1487,10:45:18,15.93,0.01,77,122661,买盘
1488,10:45:22,15.93,0.0,37,58934,买盘
1489,10:45:25,15.93,0.0,12,19115,买盘
1490,10:45:28,15.93,0.0,75,119467,买盘
1491,10:45:31,15.92,-0.01,16,25482,卖盘
1492,10:45:34,15.93,0.01,21,33452,买盘
1493,10:45:37,15.93,0.0,156,248507,买盘
1494,10:45:40,15.93,0.0,177,281937,买盘
1495,10:45:43,15.92,-0.01,23,36636,卖盘
1496,10:45:46,15.93,0.01,99,157687,买盘
1497,10:45:49,15.92,-0.01,11,17512,卖盘
1498,10:45:52,15.93,0.01,8,12743,买盘
1499,10:45:55,15.92,-0.01,8,12740,卖盘
1500,10:45:58,15.93,0.01,44,70065,买盘
1501,10:46:01,15.93,0.0,197,313761,买盘
1502,10:46:05,15.92,-0.01,89,141727,卖盘
1503,10:46:07,15.92,0.0,304,484010,卖盘
1504,10:46:10,15.92,0.0,67,106671,卖盘
1505,10:46:13,15.93,0.01,547,870885,买盘
1506,10:46:16,15.92,-0.01,147,234824,卖盘
1507,10:46:19,15.92,0.0,6,9551,卖盘
1508,10:46:22,15.92,0.0,50,79600,买盘
1509,10:46:25,15.92,0.0,23,36616,买盘
1510,10:46:28,15.9,-0.02,126,200472,卖盘
1511,10:46:31,15.91,0.01,93,147963,卖盘
1512,10:46:33,15.91,0.0,22,35000,卖盘
1513,10:46:37,15.9,-0.01,1,1590,卖盘
1514,10:46:40,15.91,0.01,51,81141,买盘
1515,10:46:43,15.9,-0.01,2,3180,卖盘
1516,10:46:46,15.9,0.0,138,219550,卖盘
1517,10:46:49,15.9,0.0,26,41340,卖盘
1518,10:46:52,15.9,0.0,1,1590,卖盘
1519,10:46:55,15.91,0.01,221,351455,买盘
1520,10:46:58,15.9,-0.01,12,19085,卖盘
1521,10:47:01,15.91,0.01,5,7955,买盘
1522,10:47:04,15.9,-0.01,7,11130,卖盘
1523,10:47:07,15.91,0.01,30,47730,买盘
1524,10:47:10,15.9,-0.01,185,294210,卖盘
1525,10:47:13,15.9,0.0,55,87476,卖盘
1526,10:47:16,15.9,0.0,98,155851,卖盘
1527,10:47:19,15.9,0.0,79,125616,卖盘
1528,10:47:22,15.9,0.0,176,279866,卖盘
1529,10:47:25,15.9,0.0,139,221005,买盘
1530,10:47:28,15.9,0.0,19,30206,买盘
1531,10:47:31,15.89,-0.01,2,3178,卖盘
1532,10:47:34,15.89,0.0,73,115997,卖盘
1533,10:47:37,15.89,0.0,16,25424,卖盘
1534,10:47:40,15.9,0.01,43,68357,买盘
1535,10:47:43,15.9,0.0,298,473585,买盘
1536,10:47:46,15.9,0.0,27,42920,买盘
1537,10:47:49,15.9,0.0,43,68364,买盘
1538,10:47:52,15.9,0.0,16,25439,买盘
1539,10:47:55,15.89,-0.01,10,15890,卖盘
1540,10:47:58,15.9,0.01,12,19078,买盘
1541,10:48:04,15.89,-0.01,300,476700,卖盘
1542,10:48:07,15.89,0.0,47,74691,卖盘
1543,10:48:10,15.89,0.0,35,55617,卖盘
1544,10:48:13,15.89,0.0,24,38136,卖盘
1545,10:48:16,15.88,-0.01,2,3176,卖盘
1546,10:48:22,15.88,0.0,150,238342,卖盘
1547,10:48:25,15.88,0.0,83,131819,卖盘
1548,10:48:28,15.88,0.0,4,6352,卖盘
1549,10:48:31,15.89,0.01,17,27013,买盘
1550,10:48:34,15.89,0.0,10,15881,买盘
1551,10:48:37,15.88,-0.01,84,133505,卖盘
1552,10:48:40,15.88,0.0,3,4764,卖盘
1553,10:48:43,15.89,0.01,47,74683,中性盘
1554,10:48:46,15.89,0.0,1,1589,卖盘
1555,10:48:49,15.89,0.0,86,136695,卖盘
1556,10:48:52,15.9,0.01,63,100114,买盘
1557,10:48:55,15.9,0.0,46,72335,买盘
1558,10:48:58,15.88,-0.02,129,205759,卖盘
1559,10:49:01,15.89,0.01,22,34953,买盘
1560,10:49:04,15.88,-0.01,1,1588,卖盘
1561,10:49:09,15.88,0.0,16,25409,卖盘
1562,10:49:16,15.88,0.0,17,27006,卖盘
1563,10:49:19,15.88,0.0,17,26996,卖盘
1564,10:49:22,15.89,0.01,15,23835,买盘
1565,10:49:25,15.88,-0.01,11,17468,卖盘
1566,10:49:28,15.89,0.01,469,744461,买盘
1567,10:49:31,15.89,0.0,59,93751,卖盘
1568,10:49:34,15.9,0.01,122,193978,买盘
1569,10:49:37,15.9,0.0,32,50874,买盘
1570,10:49:40,15.89,-0.01,59,93757,卖盘
1571,10:49:43,15.89,0.0,8,12712,卖盘
1572,10:49:46,15.89,0.0,183,291566,卖盘
1573,10:49:49,15.89,0.0,49,77076,买盘
1574,10:49:52,15.89,0.0,23,36550,卖盘
1575,10:49:55,15.89,0.0,2,3178,卖盘
1576,10:49:58,15.89,0.0,56,89034,卖盘
1577,10:50:01,15.89,0.0,2,3178,卖盘
1578,10:50:05,15.9,0.01,301,478611,买盘
1579,10:50:07,15.9,0.0,17,27030,卖盘
1580,10:50:10,15.9,0.0,16,25440,卖盘
1581,10:50:13,15.9,0.0,35,55664,卖盘
1582,10:50:16,15.9,0.0,36,57270,卖盘
1583,10:50:18,15.91,0.01,49,77946,买盘
1584,10:50:22,15.91,0.0,257,408884,买盘
1585,10:50:25,15.91,0.0,45,71595,卖盘
1586,10:50:28,15.92,0.01,16,25461,买盘
1587,10:50:31,15.91,-0.01,67,106649,卖盘
1588,10:50:34,15.91,0.0,27,42957,卖盘
1589,10:50:37,15.91,0.0,29,46139,卖盘
1590,10:50:40,15.91,0.0,14,22274,卖盘
1591,10:50:43,15.91,0.0,42,66822,卖盘
1592,10:50:46,15.91,0.0,19,30223,买盘
1593,10:50:49,15.9,-0.01,2,3180,卖盘
1594,10:50:52,15.9,0.0,18,28636,卖盘
1595,10:50:55,15.91,0.01,19,30222,买盘
1596,10:50:58,15.91,0.0,20,31819,买盘
1597,10:51:01,15.9,-0.01,343,545372,卖盘
1598,10:51:04,15.9,0.0,439,698352,卖盘
1599,10:51:07,15.9,0.0,51,81090,卖盘
1600,10:51:10,15.9,0.0,58,92218,卖盘
1601,10:51:13,15.89,-0.01,1402,2228571,卖盘
1602,10:51:16,15.89,0.0,2,3177,买盘
1603,10:51:19,15.89,0.0,28,44472,买盘
1604,10:51:22,15.88,-0.01,31,49239,卖盘
1605,10:51:25,15.89,0.01,44,69908,买盘
1606,10:51:27,15.89,0.0,369,585974,买盘
1607,10:51:31,15.88,-0.01,45,71460,卖盘
1608,10:51:34,15.88,0.0,5,7937,买盘
1609,10:51:37,15.88,0.0,20,31741,买盘
1610,10:51:40,15.88,0.0,133,211174,买盘
1611,10:51:43,15.88,0.0,97,154033,买盘
1612,10:51:46,15.88,0.0,1548,2455401,买盘
1613,10:51:49,15.87,-0.01,12,19044,中性盘
1614,10:51:52,15.88,0.01,201,319147,买盘
1615,10:51:55,15.85,-0.03,30,47580,卖盘
1616,10:51:58,15.85,0.0,2,3170,卖盘
1617,10:52:01,15.85,0.0,4,6340,卖盘
1618,10:52:04,15.86,0.01,11,17446,卖盘
1619,10:52:07,15.87,0.01,6,9520,买盘
1620,10:52:10,15.85,-0.02,116,183960,卖盘
1621,10:52:13,15.85,0.0,134,212515,卖盘
1622,10:52:16,15.86,0.01,44,69761,买盘
1623,10:52:19,15.85,-0.01,52,82432,卖盘
1624,10:52:22,15.85,0.0,34,53919,卖盘
1625,10:52:25,15.86,0.01,4,6344,买盘
1626,10:52:28,15.86,0.0,135,213998,买盘
1627,10:52:31,15.85,-0.01,51,80878,卖盘
1628,10:52:34,15.86,0.01,23,36463,买盘
1629,10:52:37,15.86,0.0,349,553212,买盘
1630,10:52:40,15.86,0.0,65,102297,卖盘
1631,10:52:43,15.86,0.0,24,38064,卖盘
1632,10:52:46,15.86,0.0,113,179204,卖盘
1633,10:52:49,15.86,0.0,84,133227,卖盘
1634,10:52:52,15.84,-0.02,188,298054,卖盘
1635,10:52:55,15.86,0.02,11,17444,买盘
1636,10:52:58,15.85,-0.01,34,53890,卖盘
1637,10:53:01,15.86,0.01,12,19026,买盘
1638,10:53:05,15.85,-0.01,41,64999,卖盘
1639,10:53:07,15.84,-0.01,109,172760,卖盘
1640,10:53:10,15.85,0.01,124,196533,买盘
1641,10:53:13,15.84,-0.01,15,23773,卖盘
1642,10:53:16,15.85,0.01,38,60225,买盘
1643,10:53:19,15.84,-0.01,13,20595,卖盘
1644,10:53:22,15.84,0.0,100,158400,卖盘
1645,10:53:25,15.85,0.01,22,34858,买盘
1646,10:53:28,15.85,0.0,90,142641,买盘
1647,10:53:31,15.85,0.0,15,23775,卖盘
1648,10:53:34,15.85,0.0,183,290055,卖盘
1649,10:53:37,15.84,-0.01,94,148976,卖盘
1650,10:53:43,15.84,0.0,10,15840,卖盘
1651,10:53:46,15.84,0.0,2,3168,卖盘
1652,10:53:49,15.84,0.0,2,3168,卖盘
1653,10:53:52,15.84,0.0,87,137871,卖盘
1654,10:53:55,15.84,0.0,4,6336,卖盘
1655,10:53:58,15.84,0.0,2,3168,卖盘
1656,10:54:01,15.84,0.0,21,33264,卖盘
1657,10:54:04,15.84,0.0,141,223344,卖盘
1658,10:54:07,15.84,0.0,10,15840,买盘
1659,10:54:10,15.83,-0.01,2,3166,卖盘
1660,10:54:13,15.84,0.01,81,128273,买盘
1661,10:54:16,15.83,-0.01,99,156717,卖盘
1662,10:54:18,15.83,0.0,33,52239,卖盘
1663,10:54:22,15.83,0.0,9,14247,卖盘
1664,10:54:25,15.83,0.0,16,25328,卖盘
1665,10:54:28,15.83,0.0,2,3166,卖盘
1666,10:54:31,15.83,0.0,256,405253,卖盘
1667,10:54:34,15.83,0.0,18,28495,卖盘
1668,10:54:37,15.83,0.0,140,221620,卖盘
1669,10:54:39,15.83,0.0,38,60154,卖盘
1670,10:54:43,15.83,0.0,28,44324,卖盘
1671,10:54:46,15.83,0.0,5,7915,卖盘
1672,10:54:49,15.84,0.01,1,1584,买盘
1673,10:54:52,15.83,-0.01,6,9498,卖盘
1674,10:54:55,15.83,0.0,13,20585,卖盘
1675,10:54:57,15.83,0.0,171,270703,卖盘
1676,10:55:01,15.83,0.0,410,648754,卖盘
1677,10:55:05,15.82,-0.01,7,11079,卖盘
1678,10:55:07,15.83,0.01,114,180461,买盘
1679,10:55:10,15.82,-0.01,24,37980,卖盘
1680,10:55:13,15.82,0.0,36,56955,卖盘
1681,10:55:15,15.82,0.0,21,33228,卖盘
1682,10:55:19,15.82,0.0,41,64900,卖盘
1683,10:55:22,15.82,0.0,30,47460,卖盘
1684,10:55:25,15.82,0.0,53,83846,卖盘
1685,10:55:28,15.82,0.0,29,45878,卖盘
1686,10:55:33,15.82,0.0,58,91756,卖盘
1687,10:55:37,15.82,0.0,37,58539,卖盘
1688,10:55:43,15.82,0.0,175,276950,卖盘
1689,10:55:46,15.82,0.0,75,118650,卖盘
1690,10:55:49,15.82,0.0,184,291088,卖盘
1691,10:55:55,15.82,0.0,33,52206,买盘
1692,10:55:58,15.81,-0.01,44,69572,卖盘
1693,10:56:01,15.81,0.0,515,815021,卖盘
1694,10:56:05,15.81,0.0,136,215151,卖盘
1695,10:56:06,15.81,0.0,69,109130,卖盘
1696,10:56:09,15.81,0.0,32,50595,卖盘
1697,10:56:13,15.81,0.0,33,52173,卖盘
1698,10:56:15,15.82,0.01,81,128062,买盘
1699,10:56:19,15.81,-0.01,26,41106,卖盘
1700,10:56:22,15.81,0.0,6,9486,卖盘
1701,10:56:25,15.81,0.0,16,25296,卖盘
1702,10:56:28,15.82,0.01,383,605775,买盘
1703,10:56:30,15.82,0.0,8,12656,卖盘
1704,10:56:34,15.83,0.01,41,64902,买盘
1705,10:56:37,15.82,-0.01,17,26898,卖盘
1706,10:56:40,15.83,0.01,18,28494,买盘
1707,10:56:43,15.83,0.0,43,68067,买盘
1708,10:56:46,15.83,0.0,39,61737,买盘
1709,10:56:49,15.84,0.01,551,872234,买盘
1710,10:56:52,15.83,-0.01,27,42741,卖盘
1711,10:56:55,15.84,0.01,108,171051,买盘
1712,10:56:57,15.84,0.0,3,4752,卖盘
1713,10:57:01,15.84,0.0,7,11088,卖盘
1714,10:57:04,15.84,0.0,6,9506,卖盘
1715,10:57:07,15.84,0.0,128,202824,卖盘
1716,10:57:10,15.85,0.01,52,82398,买盘
1717,10:57:13,15.85,0.0,27,42780,买盘
1718,10:57:16,15.84,-0.01,15,23765,卖盘
1719,10:57:18,15.84,0.0,168,266112,卖盘
1720,10:57:22,15.84,0.0,6,9504,买盘
1721,10:57:24,15.84,0.0,26,41163,买盘
1722,10:57:28,15.84,0.0,90,142558,买盘
1723,10:57:31,15.83,-0.01,1,1583,卖盘
1724,10:57:34,15.84,0.01,14,22176,买盘
1725,10:57:37,15.81,-0.03,2002,3167546,卖盘
1726,10:57:39,15.83,0.02,3,4747,中性盘
1727,10:57:43,15.83,0.0,13,20579,买盘
1728,10:57:49,15.82,-0.01,12,18982,中性盘
1729,10:57:52,15.82,0.0,22,34804,卖盘
1730,10:57:55,15.81,-0.01,13,20553,卖盘
1731,10:57:58,15.8,-0.01,990,1565080,卖盘
1732,10:58:00,15.82,0.02,4,6322,买盘
1733,10:58:05,15.81,-0.01,27,42688,卖盘
1734,10:58:06,15.81,0.0,130,205530,买盘
1735,10:58:10,15.81,0.0,1059,1673244,买盘
1736,10:58:13,15.81,0.0,28,44259,买盘
1737,10:58:16,15.81,0.0,350,553042,买盘
1738,10:58:19,15.8,-0.01,1119,1767091,卖盘
1739,10:58:22,15.8,0.0,31,48980,中性盘
1740,10:58:25,15.79,-0.01,173,273113,卖盘
1741,10:58:27,15.79,0.0,22,34740,买盘
1742,10:58:31,15.78,-0.01,733,1156675,卖盘
1743,10:58:34,15.78,0.0,38,59952,买盘
1744,10:58:37,15.78,0.0,8,12624,买盘
1745,10:58:40,15.77,-0.01,47,74137,卖盘
1746,10:58:43,15.77,0.0,462,728574,卖盘
1747,10:58:46,15.78,0.01,140,220811,买盘
1748,10:58:49,15.77,-0.01,431,679971,卖盘
1749,10:58:51,15.77,0.0,75,118306,买盘
1750,10:58:55,15.77,0.0,121,190817,卖盘
1751,10:58:58,15.77,0.0,74,116732,卖盘
1752,10:59:01,15.77,0.0,168,265051,卖盘
1753,10:59:04,15.77,0.0,68,107291,卖盘
1754,10:59:07,15.77,0.0,120,189347,卖盘
1755,10:59:10,15.78,0.01,22,34716,买盘
1756,10:59:13,15.78,0.0,46,72588,卖盘
1757,10:59:15,15.78,0.0,52,82056,卖盘
1758,10:59:19,15.79,0.01,57,90003,买盘
1759,10:59:22,15.79,0.0,298,471707,买盘
1760,10:59:24,15.8,0.01,19,30005,买盘
1761,10:59:28,15.79,-0.01,48,75826,卖盘
1762,10:59:31,15.79,0.0,175,275187,卖盘
1763,10:59:33,15.81,0.02,39,62788,买盘
1764,10:59:39,15.8,-0.01,32,50560,卖盘
1765,10:59:43,15.8,0.0,188,297040,买盘
1766,10:59:46,15.81,0.01,47,74268,买盘
1767,10:59:49,15.8,-0.01,11,17380,中性盘
1768,10:59:52,15.8,0.0,36,56880,卖盘
1769,10:59:55,15.8,0.0,10,15800,买盘
1770,10:59:58,15.8,0.0,49,77409,买盘
1771,11:00:01,15.8,0.0,33,52139,买盘
1772,11:00:04,15.8,0.0,61,96364,买盘
1773,11:00:07,15.79,-0.01,1200,1894938,卖盘
1774,11:00:10,15.79,0.0,1005,1587817,买盘
1775,11:00:13,15.78,-0.01,32,50516,卖盘
1776,11:00:16,15.78,0.0,40,63125,卖盘
1777,11:00:19,15.78,0.0,395,623310,卖盘
1778,11:00:22,15.78,0.0,55,85610,卖盘
1779,11:00:25,15.78,0.0,213,337282,买盘
1780,11:00:28,15.79,0.01,10,15790,买盘
1781,11:00:31,15.79,0.0,33,52087,买盘
1782,11:00:33,15.78,-0.01,162,255679,卖盘
1783,11:00:37,15.78,0.0,29,45770,卖盘
1784,11:00:40,15.78,0.0,78,123091,卖盘
1785,11:00:43,15.78,0.0,44,69451,卖盘
1786,11:00:46,15.78,0.0,101,159378,卖盘
1787,11:00:49,15.78,0.0,208,327058,卖盘
1788,11:00:52,15.78,0.0,15,23670,卖盘
1789,11:00:55,15.77,-0.01,204,321844,卖盘
1790,11:00:58,15.78,0.01,32,50512,买盘
1791,11:01:01,15.78,0.0,34,53640,卖盘
1792,11:01:05,15.78,0.0,23,36294,买盘
1793,11:01:07,15.77,-0.01,131,206695,卖盘
1794,11:01:10,15.78,0.01,17,26825,买盘
1795,11:01:13,15.77,-0.01,8,12616,卖盘
1796,11:01:16,15.78,0.01,60,94625,买盘
1797,11:01:19,15.77,-0.01,177,279137,卖盘
1798,11:01:22,15.78,0.01,18,28388,买盘
1799,11:01:25,15.77,-0.01,95,149870,卖盘
1800,11:01:28,15.78,0.01,110,173529,买盘
1801,11:01:31,15.78,0.0,20,31560,卖盘
1802,11:01:34,15.78,0.0,95,149910,卖盘
1803,11:01:37,15.78,0.0,60,94693,卖盘
1804,11:01:40,15.78,0.0,42,66276,卖盘
1805,11:01:43,15.78,0.0,7,11050,卖盘
1806,11:01:46,15.78,0.0,180,284040,卖盘
1807,11:01:49,15.78,0.0,13,20514,买盘
1808,11:01:52,15.78,0.0,41,64697,买盘
1809,11:01:54,15.78,0.0,1,1578,买盘
1810,11:01:58,15.78,0.0,133,209869,买盘
1811,11:02:01,15.78,0.0,109,171994,买盘
1812,11:02:05,15.78,0.0,60,94680,卖盘
1813,11:02:07,15.78,0.0,85,134130,卖盘
1814,11:02:10,15.78,0.0,142,224086,卖盘
1815,11:02:13,15.78,0.0,31,48918,卖盘
1816,11:02:16,15.78,0.0,71,112038,卖盘
1817,11:02:19,15.78,0.0,41,64698,买盘
1818,11:02:22,15.78,0.0,14,22092,买盘
1819,11:02:25,15.78,0.0,39,61540,买盘
1820,11:02:28,15.77,-0.01,105,165621,卖盘
1821,11:02:31,15.78,0.01,63,99414,买盘
1822,11:02:34,15.78,0.0,19,29992,卖盘
1823,11:02:40,15.78,0.0,26,41052,卖盘
1824,11:02:43,15.78,0.0,86,135708,卖盘
1825,11:02:46,15.79,0.01,5,7893,买盘
1826,11:02:49,15.78,-0.01,361,569661,卖盘
1827,11:02:52,15.78,0.0,90,142020,买盘
1828,11:02:55,15.78,0.0,51,80448,买盘
1829,11:02:58,15.78,0.0,50,78899,买盘
1830,11:03:01,15.78,0.0,5,7890,卖盘
1831,11:03:04,15.78,0.0,3,4734,卖盘
1832,11:03:07,15.78,0.0,14,22102,卖盘
1833,11:03:10,15.79,0.01,170,269598,买盘
1834,11:03:13,15.79,0.0,15,23685,卖盘
1835,11:03:15,15.79,0.0,4,6316,卖盘
1836,11:03:19,15.79,0.0,48,75831,卖盘
1837,11:03:22,15.8,0.01,31,48969,买盘
1838,11:03:25,15.79,-0.01,38,60012,卖盘
1839,11:03:28,15.79,0.0,8,12637,卖盘
1840,11:03:30,15.79,0.0,6,9482,卖盘
1841,11:03:34,15.79,0.0,50,78969,卖盘
1842,11:03:40,15.8,0.01,9,14219,买盘
1843,11:03:43,15.79,-0.01,46,72673,卖盘
1844,11:03:46,15.8,0.01,64,101075,买盘
1845,11:03:49,15.8,0.0,29,45819,买盘
1846,11:03:52,15.8,0.0,87,137460,买盘
1847,11:03:55,15.8,0.0,1,1580,卖盘
1848,11:03:58,15.8,0.0,2,3160,卖盘
1849,11:04:01,15.81,0.01,20,31620,买盘
1850,11:04:04,15.8,-0.01,13,20540,卖盘
1851,11:04:07,15.81,0.01,10,15803,买盘
1852,11:04:10,15.8,-0.01,24,37934,卖盘
1853,11:04:13,15.8,0.0,486,767880,卖盘
1854,11:04:16,15.8,0.0,6,9479,买盘
1855,11:04:19,15.8,0.0,67,105858,买盘
1856,11:04:22,15.8,0.0,5,7900,买盘
1857,11:04:25,15.8,0.0,82,129509,买盘
1858,11:04:28,15.8,0.0,113,178519,买盘
1859,11:04:31,15.8,0.0,11,17374,买盘
1860,11:04:34,15.8,0.0,22,34760,买盘
1861,11:04:37,15.8,0.0,17,26853,买盘
1862,11:04:40,15.8,0.0,20,31600,买盘
1863,11:04:43,15.8,0.0,15,23697,买盘
1864,11:04:45,15.8,0.0,39,61610,买盘
1865,11:04:49,15.8,0.0,13,20540,买盘
1866,11:04:51,15.79,-0.01,5,7895,卖盘
1867,11:04:55,15.8,0.01,84,132720,买盘
1868,11:05:00,15.8,0.0,321,506881,买盘
1869,11:05:04,15.79,-0.01,137,216323,卖盘
1870,11:05:07,15.79,0.0,2,3158,买盘
1871,11:05:10,15.78,-0.01,80,126329,卖盘
1872,11:05:13,15.79,0.01,7,11053,买盘
1873,11:05:15,15.79,0.0,246,388200,买盘
1874,11:05:19,15.78,-0.01,232,366101,卖盘
1875,11:05:22,15.78,0.0,33,52082,卖盘
1876,11:05:28,15.78,0.0,244,385032,卖盘
1877,11:05:31,15.78,0.0,15,23670,买盘
1878,11:05:34,15.78,0.0,65,102570,买盘
1879,11:05:37,15.78,0.0,657,1036102,买盘
1880,11:05:40,15.78,0.0,62,97826,买盘
1881,11:05:43,15.77,-0.01,67,105664,卖盘
1882,11:05:46,15.77,0.0,73,115157,卖盘
1883,11:05:49,15.77,0.0,48,75696,卖盘
1884,11:05:52,15.77,0.0,3,4731,卖盘
1885,11:05:55,15.77,0.0,80,126173,卖盘
1886,11:05:58,15.77,0.0,71,111971,卖盘
1887,11:06:01,15.77,0.0,277,436862,卖盘
1888,11:06:04,15.77,0.0,7,11039,卖盘
1889,11:06:07,15.77,0.0,117,184531,卖盘
1890,11:06:10,15.78,0.01,109,171995,买盘
1891,11:06:13,15.78,0.0,57,89946,卖盘
1892,11:06:16,15.78,0.0,29,45754,卖盘
1893,11:06:19,15.78,0.0,18,28406,卖盘
1894,11:06:22,15.79,0.01,9,14210,买盘
1895,11:06:24,15.78,-0.01,15,23681,卖盘
1896,11:06:28,15.79,0.01,2,3157,买盘
1897,11:06:31,15.79,0.0,43,67860,买盘
1898,11:06:34,15.78,-0.01,29,45771,卖盘
1899,11:06:36,15.78,0.0,20,31570,卖盘
1900,11:06:40,15.79,0.01,19,29997,买盘
1901,11:06:43,15.79,0.0,1,1579,买盘
1902,11:06:45,15.78,-0.01,58,91524,卖盘
1903,11:06:49,15.78,0.0,28,44197,卖盘
1904,11:06:52,15.79,0.01,233,367896,买盘
1905,11:06:58,15.79,0.0,45,71055,买盘
1906,11:07:01,15.79,0.0,10,15790,卖盘
1907,11:07:07,15.8,0.01,1,1580,买盘
1908,11:07:10,15.8,0.0,4,6320,买盘
1909,11:07:13,15.8,0.0,16,25269,买盘
1910,11:07:15,15.8,0.0,131,206980,买盘
1911,11:07:19,15.8,0.0,49,77408,买盘
1912,11:07:22,15.8,0.0,120,189600,买盘
1913,11:07:28,15.79,-0.01,71,112155,卖盘
1914,11:07:31,15.8,0.01,1,1580,中性盘
1915,11:07:34,15.8,0.0,6,9480,卖盘
1916,11:07:37,15.8,0.0,10,15800,卖盘
1917,11:07:40,15.8,0.0,3,4740,卖盘
1918,11:07:43,15.81,0.01,10,15810,买盘
1919,11:07:46,15.81,0.0,123,194461,买盘
1920,11:07:49,15.81,0.0,3,4743,卖盘
1921,11:07:52,15.81,0.0,20,31630,卖盘
1922,11:07:55,15.81,0.0,20,31620,卖盘
1923,11:07:58,15.82,0.01,90,142380,买盘
1924,11:08:01,15.82,0.0,10,15820,卖盘
1925,11:08:10,15.82,0.0,10,15820,卖盘
1926,11:08:13,15.83,0.01,19,30063,买盘
1927,11:08:16,15.82,-0.01,25,39566,卖盘
1928,11:08:19,15.82,0.0,16,25315,卖盘
1929,11:08:21,15.83,0.01,191,301474,买盘
1930,11:08:25,15.83,0.0,5,7915,卖盘
1931,11:08:28,15.84,0.01,14,22166,买盘
1932,11:08:31,15.83,-0.01,7,11083,卖盘
1933,11:08:34,15.84,0.01,2,3168,买盘
1934,11:08:37,15.83,-0.01,177,280982,卖盘
1935,11:08:40,15.83,0.0,149,235867,买盘
1936,11:08:43,15.83,0.0,6,9497,买盘
1937,11:08:46,15.84,0.01,23,36413,买盘
1938,11:08:55,15.83,-0.01,5,7915,买盘
1939,11:08:58,15.83,0.0,38,60154,买盘
1940,11:09:01,15.83,0.0,57,90231,买盘
1941,11:09:04,15.83,0.0,21,33243,买盘
1942,11:09:07,15.83,0.0,24,37992,卖盘
1943,11:09:10,15.83,0.0,10,15830,卖盘
1944,11:09:13,15.83,0.0,17,26911,卖盘
1945,11:09:16,15.83,0.0,218,345094,卖盘
1946,11:09:19,15.83,0.0,2,3166,卖盘
1947,11:09:22,15.83,0.0,46,72818,卖盘
1948,11:09:25,15.83,0.0,1,1203,卖盘
1949,11:09:31,15.83,0.0,27,43126,买盘
1950,11:09:37,15.83,0.0,4,6332,买盘
1951,11:09:40,15.83,0.0,234,370042,买盘
1952,11:09:43,15.83,0.0,43,68069,卖盘
1953,11:09:46,15.83,0.0,19,30077,卖盘
1954,11:09:49,15.83,0.0,7,11081,卖盘
1955,11:09:52,15.82,-0.01,8,13040,卖盘
1956,11:09:55,15.83,0.01,1,1583,买盘
1957,11:10:07,15.83,0.0,47,74367,买盘
1958,11:10:10,15.82,-0.01,20,31640,卖盘
1959,11:10:13,15.82,0.0,2,3164,卖盘
1960,11:10:19,15.82,0.0,79,124978,卖盘
1961,11:10:22,15.82,0.0,11,17402,卖盘
1962,11:10:24,15.83,0.01,29,45883,买盘
1963,11:10:28,15.82,-0.01,25,39550,卖盘
1964,11:10:37,15.82,0.0,44,69631,卖盘
1965,11:10:39,15.82,0.0,2,3164,卖盘
1966,11:10:43,15.82,0.0,180,284880,卖盘
1967,11:10:46,15.82,0.0,10,15820,卖盘
1968,11:10:52,15.82,0.0,10,15824,卖盘
1969,11:10:58,15.83,0.01,17,26895,买盘
1970,11:11:01,15.82,-0.01,8,12656,卖盘
1971,11:11:05,15.82,0.0,45,71223,卖盘
1972,11:11:07,15.83,0.01,3,4749,买盘
1973,11:11:10,15.82,-0.01,10,15820,卖盘
1974,11:11:13,15.82,0.0,9,14240,卖盘
1975,11:11:16,15.82,0.0,50,79100,卖盘
1976,11:11:18,15.82,0.0,3,4746,卖盘
1977,11:11:25,15.82,0.0,151,238882,卖盘
1978,11:11:31,15.83,0.01,1,1583,买盘
1979,11:11:37,15.82,-0.01,5,7910,卖盘
1980,11:11:39,15.82,0.0,69,109225,卖盘
1981,11:11:46,15.83,0.01,20,31659,买盘
1982,11:11:49,15.82,-0.01,4,6328,卖盘
1983,11:11:52,15.83,0.01,42,66484,买盘
1984,11:11:55,15.82,-0.01,16,25312,卖盘
1985,11:12:01,15.83,0.01,30,47490,买盘
1986,11:12:04,15.83,0.0,20,31660,买盘
1987,11:12:07,15.83,0.0,10,15821,买盘
1988,11:12:13,15.83,0.0,4,6332,买盘
1989,11:12:16,15.83,0.0,51,80733,买盘
1990,11:12:18,15.83,0.0,1,1583,买盘
1991,11:12:22,15.82,-0.01,3,4746,卖盘
1992,11:12:25,15.82,0.0,4,6328,卖盘
1993,11:12:28,15.82,0.0,20,31640,卖盘
1994,11:12:34,15.83,0.01,2,3166,买盘
1995,11:12:37,15.83,0.0,15,23735,买盘
1996,11:12:40,15.83,0.0,6,9498,买盘
1997,11:12:43,15.83,0.0,46,72809,买盘
1998,11:12:46,15.83,0.0,4,6332,买盘
1999,11:12:52,15.83,0.0,25,39195,买盘
2000,11:13:04,15.84,0.01,47,74409,买盘
2001,11:13:10,15.84,0.0,2,3168,买盘
2002,11:13:13,15.83,-0.01,17,26911,卖盘
2003,11:13:16,15.84,0.01,2,3168,买盘
2004,11:13:18,15.83,-0.01,7,11087,卖盘
2005,11:13:22,15.84,0.01,66,104539,买盘
2006,11:13:24,15.84,0.0,6,9504,买盘
2007,11:13:28,15.83,-0.01,8,12667,卖盘
2008,11:13:31,15.84,0.01,17,26926,买盘
2009,11:13:34,15.84,0.0,20,31665,买盘
2010,11:13:37,15.84,0.0,68,107707,买盘
2011,11:13:39,15.83,-0.01,13,20584,卖盘
2012,11:13:46,15.83,0.0,48,75987,卖盘
2013,11:13:49,15.84,0.01,12,19008,买盘
2014,11:13:52,15.84,0.0,107,169476,买盘
2015,11:13:55,15.84,0.0,4,6336,卖盘
2016,11:14:01,15.84,0.0,2,3169,卖盘
2017,11:14:07,15.84,0.0,36,57032,卖盘
2018,11:14:10,15.85,0.01,19,30111,买盘
2019,11:14:13,15.84,-0.01,37,58608,卖盘
2020,11:14:15,15.84,0.0,113,178992,买盘
2021,11:14:19,15.84,0.0,9,14256,卖盘
2022,11:14:22,15.81,-0.03,387,612659,卖盘
2023,11:14:33,15.85,0.04,103,163160,买盘
2024,11:14:46,15.84,-0.01,12,19008,买盘
2025,11:14:49,15.83,-0.01,10,15830,卖盘
2026,11:14:58,15.84,0.01,105,166315,买盘
2027,11:15:00,15.85,0.01,80,126723,买盘
2028,11:15:05,15.84,-0.01,49,77594,买盘
2029,11:15:07,15.84,0.0,11,17424,卖盘
2030,11:15:09,15.84,0.0,32,50688,卖盘
2031,11:15:13,15.83,-0.01,6,9498,卖盘
2032,11:15:19,15.83,0.0,116,183728,卖盘
2033,11:15:22,15.83,0.0,9,14247,卖盘
2034,11:15:24,15.84,0.01,25,39600,买盘
2035,11:15:28,15.83,-0.01,14,22162,卖盘
2036,11:15:31,15.84,0.01,1,1584,买盘
2037,11:15:34,15.82,-0.02,212,335981,卖盘
2038,11:15:40,15.82,0.0,3,4746,卖盘
2039,11:15:43,15.84,0.02,231,365776,买盘
2040,11:15:46,15.84,0.0,40,63360,买盘
2041,11:15:48,15.84,0.0,21,33262,买盘
2042,11:15:55,15.83,-0.01,2,3165,买盘
2043,11:15:58,15.83,0.0,1,1583,买盘
2044,11:16:05,15.82,-0.01,37,58545,卖盘
2045,11:16:07,15.82,0.0,8,12656,卖盘
2046,11:16:10,15.81,-0.01,6,9486,卖盘
2047,11:16:16,15.82,0.01,7,11074,买盘
2048,11:16:25,15.82,0.0,11,17400,买盘
2049,11:16:27,15.81,-0.01,147,232801,卖盘
2050,11:16:34,15.8,-0.01,3,4740,卖盘
2051,11:16:37,15.81,0.01,30,47429,买盘
2052,11:16:40,15.8,-0.01,15,23700,卖盘
2053,11:16:43,15.8,0.0,20,31232,卖盘
2054,11:16:46,15.8,0.0,120,189600,卖盘
2055,11:16:49,15.8,0.0,48,75850,卖盘
2056,11:16:52,15.81,0.01,8,12648,买盘
2057,11:16:55,15.8,-0.01,34,53720,卖盘
2058,11:16:58,15.8,0.0,17,26860,卖盘
2059,11:17:01,15.8,0.0,30,47400,卖盘
2060,11:17:05,15.8,0.0,16,25280,卖盘
2061,11:17:07,15.8,0.0,44,69522,卖盘
2062,11:17:10,15.8,0.0,93,146941,卖盘
2063,11:17:13,15.8,0.0,29,45820,卖盘
2064,11:17:16,15.8,0.0,6,8690,卖盘
2065,11:17:19,15.8,0.0,10,16969,卖盘
2066,11:17:22,15.79,-0.01,203,320537,卖盘
2067,11:17:25,15.79,0.0,22,34738,买盘
2068,11:17:34,15.79,0.0,14,22101,买盘
2069,11:17:37,15.79,0.0,1,1579,买盘
2070,11:17:40,15.79,0.0,234,369356,买盘
2071,11:17:43,15.78,-0.01,8,12624,卖盘
2072,11:17:46,15.78,0.0,30,47340,卖盘
2073,11:17:52,15.79,0.01,257,405632,买盘
2074,11:17:58,15.77,-0.02,4,6308,卖盘
2075,11:18:01,15.78,0.01,7,11046,买盘
2076,11:18:04,15.77,-0.01,7,11041,卖盘
2077,11:18:07,15.77,0.0,21,33129,卖盘
2078,11:18:09,15.78,0.01,57,89930,买盘
2079,11:18:13,15.77,-0.01,207,326462,卖盘
2080,11:18:15,15.77,0.0,2,3154,卖盘
2081,11:18:19,15.78,0.01,35,55228,买盘
2082,11:18:22,15.78,0.0,1,1578,卖盘
2083,11:18:25,15.78,0.0,6,9468,卖盘
2084,11:18:28,15.79,0.01,21,33148,买盘
2085,11:18:31,15.79,0.0,1,1579,买盘
2086,11:18:33,15.78,-0.01,40,63130,卖盘
2087,11:18:37,15.79,0.01,114,180006,买盘
2088,11:18:40,15.78,-0.01,12,18936,卖盘
2089,11:18:43,15.79,0.01,51,80505,买盘
2090,11:18:46,15.78,-0.01,4,6312,卖盘
2091,11:18:49,15.78,0.0,32,50496,卖盘
2092,11:18:51,15.79,0.01,1,1579,买盘
2093,11:18:55,15.79,0.0,10,15790,买盘
2094,11:18:58,15.78,-0.01,13,20521,卖盘
2095,11:19:01,15.79,0.01,1,1579,买盘
2096,11:19:05,15.78,-0.01,25,39450,卖盘
2097,11:19:07,15.78,0.0,10,15780,卖盘
2098,11:19:10,15.78,0.0,3,4734,卖盘
2099,11:19:16,15.79,0.01,54,85226,买盘
2100,11:19:19,15.79,0.0,15,23680,买盘
2101,11:19:22,15.78,-0.01,31,48918,卖盘
2102,11:19:28,15.79,0.01,9,14210,买盘
2103,11:19:31,15.78,-0.01,79,124682,卖盘
2104,11:19:37,15.8,0.02,1091,1722321,买盘
2105,11:19:43,15.79,-0.01,128,202162,卖盘
2106,11:19:46,15.79,0.0,5,7895,卖盘
2107,11:19:52,15.8,0.01,25,39488,中性盘
2108,11:19:55,15.8,0.0,7,11060,卖盘
2109,11:19:58,15.8,0.0,11,17380,买盘
2110,11:20:01,15.79,-0.01,127,201701,卖盘
2111,11:20:07,15.79,0.0,65,102635,买盘
2112,11:20:13,15.79,0.0,18,28420,买盘
2113,11:20:15,15.79,0.0,21,33159,买盘
2114,11:20:18,15.79,0.0,13,19359,买盘
2115,11:20:22,15.79,0.0,1,1579,卖盘
2116,11:20:28,15.79,0.0,85,134297,卖盘
2117,11:20:31,15.79,0.0,6,9474,卖盘
2118,11:20:37,15.81,0.02,5,7905,买盘
2119,11:20:40,15.79,-0.02,5,7895,卖盘
2120,11:20:43,15.8,0.01,10,15800,卖盘
2121,11:20:46,15.8,0.0,25,39500,卖盘
2122,11:20:49,15.8,0.0,2,3160,卖盘
2123,11:20:52,15.8,0.0,24,37921,卖盘
2124,11:20:55,15.79,-0.01,121,191173,卖盘
2125,11:21:07,15.8,0.01,22,34758,买盘
2126,11:21:13,15.79,-0.01,38,60002,卖盘
2127,11:21:16,15.8,0.01,87,137446,买盘
2128,11:21:19,15.8,0.0,10,15800,买盘
2129,11:21:22,15.81,0.01,2,3162,买盘
2130,11:21:24,15.8,-0.01,77,121660,卖盘
2131,11:21:31,15.8,0.0,67,105875,卖盘
2132,11:21:34,15.8,0.0,7,11060,卖盘
2133,11:21:37,15.8,0.0,10,15800,卖盘
2134,11:21:40,15.8,0.0,2,3161,卖盘
2135,11:21:43,15.8,0.0,20,31600,卖盘
2136,11:21:46,15.81,0.01,34,53754,买盘
2137,11:21:52,15.81,0.0,24,37944,卖盘
2138,11:21:55,15.81,0.0,18,28458,卖盘
2139,11:21:58,15.82,0.01,68,107563,买盘
2140,11:22:01,15.8,-0.02,105,166022,卖盘
2141,11:22:07,15.8,0.0,13,20542,卖盘
2142,11:22:13,15.8,0.0,52,82169,卖盘
2143,11:22:16,15.81,0.01,13,20553,中性盘
2144,11:22:19,15.8,-0.01,100,158006,卖盘
2145,11:22:22,15.8,0.0,10,15800,买盘
2146,11:22:28,15.8,0.0,24,37920,卖盘
2147,11:22:31,15.8,0.0,147,232364,卖盘
2148,11:22:34,15.8,0.0,68,107440,买盘
2149,11:22:37,15.8,0.0,9,14218,买盘
2150,11:22:46,15.8,0.0,19,30007,买盘
2151,11:22:49,15.79,-0.01,40,63160,卖盘
2152,11:22:52,15.8,0.01,239,377391,买盘
2153,11:22:55,15.8,0.0,72,113758,买盘
2154,11:22:58,15.8,0.0,12,18950,买盘
2155,11:23:04,15.8,0.0,30,47400,买盘
2156,11:23:07,15.8,0.0,27,42659,买盘
2157,11:23:10,15.8,0.0,60,94747,中性盘
2158,11:23:13,15.8,0.0,12,18960,卖盘
2159,11:23:16,15.8,0.0,24,37920,卖盘
2160,11:23:19,15.8,0.0,8,12640,卖盘
2161,11:23:28,15.79,-0.01,50,80118,卖盘
2162,11:23:31,15.79,0.0,64,101054,买盘
2163,11:23:34,15.79,0.0,5,7895,买盘
2164,11:23:37,15.79,0.0,23,36295,买盘
2165,11:23:40,15.79,0.0,138,217902,买盘
2166,11:23:43,15.78,-0.01,10,15780,卖盘
2167,11:23:45,15.78,0.0,70,110460,卖盘
2168,11:23:49,15.78,0.0,12,18936,卖盘
2169,11:23:52,15.78,0.0,137,216186,卖盘
2170,11:23:55,15.78,0.0,70,110460,卖盘
2171,11:23:58,15.79,0.01,167,263663,买盘
2172,11:24:01,15.79,0.0,116,183150,买盘
2173,11:24:04,15.78,-0.01,24,37892,卖盘
2174,11:24:07,15.79,0.01,271,426687,买盘
2175,11:24:10,15.77,-0.02,700,1104150,卖盘
2176,11:24:13,15.78,0.01,11,17348,买盘
2177,11:24:16,15.78,0.0,3,4734,买盘
2178,11:24:18,15.78,0.0,10,15780,买盘
2179,11:24:22,15.77,-0.01,27,42579,卖盘
2180,11:24:24,15.77,0.0,2,3154,卖盘
2181,11:24:27,15.78,0.01,27,42606,买盘
2182,11:24:31,15.77,-0.01,10,15770,卖盘
2183,11:24:37,15.78,0.01,1,1578,买盘
2184,11:24:42,15.77,-0.01,2,3154,卖盘
2185,11:24:46,15.78,0.01,6,9467,买盘
2186,11:24:49,15.77,-0.01,124,195561,卖盘
2187,11:24:52,15.77,0.0,1,1577,卖盘
2188,11:24:55,15.78,0.01,7,11046,买盘
2189,11:24:58,15.77,-0.01,32,50474,卖盘
2190,11:25:01,15.78,0.01,19,29966,买盘
2191,11:25:04,15.77,-0.01,26,41002,卖盘
2192,11:25:10,15.77,0.0,200,315400,卖盘
2193,11:25:13,15.78,0.01,11,17358,买盘
2194,11:25:19,15.77,-0.01,12,18927,卖盘
2195,11:25:22,15.77,0.0,26,41002,卖盘
2196,11:25:25,15.77,0.0,96,151392,卖盘
2197,11:25:28,15.78,0.01,47,74161,买盘
2198,11:25:31,15.77,-0.01,56,88312,卖盘
2199,11:25:33,15.77,0.0,42,67409,卖盘
2200,11:25:37,15.77,0.0,9,13026,买盘
2201,11:25:43,15.77,0.0,28,44156,卖盘
2202,11:25:46,15.77,0.0,11,17347,卖盘
2203,11:25:49,15.76,-0.01,99,156067,卖盘
2204,11:25:51,15.77,0.01,57,89843,中性盘
2205,11:25:55,15.76,-0.01,2,3152,卖盘
2206,11:25:58,15.76,0.0,17,26794,卖盘
2207,11:26:01,15.76,0.0,395,622520,卖盘
2208,11:26:04,15.76,0.0,9,14184,卖盘
2209,11:26:07,15.77,0.01,2,3154,买盘
2210,11:26:10,15.76,-0.01,60,94560,卖盘
2211,11:26:13,15.76,0.0,1849,2912653,卖盘
2212,11:26:16,15.76,0.0,29,45704,买盘
2213,11:26:19,15.76,0.0,253,398672,买盘
2214,11:26:22,15.76,0.0,79,124455,买盘
2215,11:26:25,15.75,-0.01,102,160650,卖盘
2216,11:26:28,15.76,0.01,115,181239,买盘
2217,11:26:31,15.75,-0.01,64,100805,卖盘
2218,11:26:34,15.75,0.0,9,14175,卖盘
2219,11:26:36,15.75,0.0,3,4725,卖盘
2220,11:26:40,15.75,0.0,46,72456,卖盘
2221,11:26:43,15.76,0.01,151,237875,买盘
2222,11:26:46,15.75,-0.01,14,22050,卖盘
2223,11:26:49,15.76,0.01,19,29926,买盘
2224,11:26:51,15.76,0.0,6,9456,买盘
2225,11:26:55,15.75,-0.01,99,155931,卖盘
2226,11:26:58,15.76,0.01,25,39390,买盘
2227,11:27:01,15.75,-0.01,47,74025,卖盘
2228,11:27:05,15.76,0.01,140,220620,买盘
2229,11:27:07,15.75,-0.01,53,83486,卖盘
2230,11:27:10,15.75,0.0,332,522902,卖盘
2231,11:27:13,15.75,0.0,90,141753,卖盘
2232,11:27:16,15.75,0.0,61,96080,卖盘
2233,11:27:19,15.75,0.0,48,75620,卖盘
2234,11:27:22,15.76,0.01,67,105534,买盘
2235,11:27:25,15.76,0.0,7,11030,买盘
2236,11:27:28,15.75,-0.01,21,33078,卖盘
2237,11:27:31,15.75,0.0,20,31500,卖盘
2238,11:27:34,15.75,0.0,48,75615,卖盘
2239,11:27:37,15.75,0.0,58,91350,卖盘
2240,11:27:39,15.76,0.01,40,63001,买盘
2241,11:27:43,15.75,-0.01,35,55125,卖盘
2242,11:27:46,15.75,0.0,147,231545,卖盘
2243,11:27:49,15.75,0.0,191,300835,卖盘
2244,11:27:51,15.75,0.0,33,51975,卖盘
2245,11:27:55,15.75,0.0,18,28355,卖盘
2246,11:27:58,15.75,0.0,57,89775,卖盘
2247,11:28:01,15.75,0.0,33,51985,卖盘
2248,11:28:05,15.75,0.0,44,70072,卖盘
2249,11:28:07,15.75,0.0,31,48825,卖盘
2250,11:28:10,15.75,0.0,77,121275,卖盘
2251,11:28:13,15.75,0.0,42,66543,卖盘
2252,11:28:16,15.75,0.0,10,15750,买盘
2253,11:28:18,15.76,0.01,105,164999,买盘
2254,11:28:22,15.74,-0.02,150,236237,卖盘
2255,11:28:28,15.75,0.01,5,7875,买盘
2256,11:28:30,15.74,-0.01,10,15740,卖盘
2257,11:28:34,15.75,0.01,133,209472,买盘
2258,11:28:37,15.74,-0.01,12,18898,卖盘
2259,11:28:39,15.74,0.0,77,121222,卖盘
2260,11:28:43,15.75,0.01,101,159068,买盘
2261,11:28:46,15.75,0.0,5,7875,卖盘
2262,11:28:49,15.75,0.0,1,1575,卖盘
2263,11:28:52,15.75,0.0,46,72450,卖盘
2264,11:28:55,15.76,0.01,71,111884,买盘
2265,11:28:58,15.76,0.0,112,176405,买盘
2266,11:29:01,15.76,0.0,78,122860,买盘
2267,11:29:04,15.75,-0.01,51,80326,卖盘
2268,11:29:07,15.75,0.0,44,69317,卖盘
2269,11:29:10,15.75,0.0,5,7875,卖盘
2270,11:29:13,15.76,0.01,72,113401,买盘
2271,11:29:16,15.76,0.0,145,228470,买盘
2272,11:29:19,15.76,0.0,12,18912,卖盘
2273,11:29:21,15.77,0.01,51,80377,买盘
2274,11:29:25,15.77,0.0,146,230197,买盘
2275,11:29:28,15.76,-0.01,235,370356,卖盘
2276,11:29:31,15.76,0.0,40,63029,买盘
2277,11:29:34,15.76,0.0,32,50432,买盘
2278,11:29:37,15.75,-0.01,90,141839,卖盘
2279,11:29:40,15.76,0.01,10,15760,买盘
2280,11:29:43,15.75,-0.01,40,63010,卖盘
2281,11:29:46,15.76,0.01,24,37814,买盘
2282,11:29:49,15.75,-0.01,27,42530,卖盘
2283,11:29:52,15.76,0.01,8,12608,买盘
2284,11:29:55,15.75,-0.01,22,34650,卖盘
2285,11:30:01,15.76,0.01,60,94560,买盘
2286,13:00:01,15.76,0.0,211,332425,买盘
2287,13:00:05,15.75,-0.01,1017,1602511,卖盘
2288,13:00:07,15.76,0.01,266,419094,中性盘
2289,13:00:10,15.76,0.0,122,192289,卖盘
2290,13:00:13,15.75,-0.01,117,184362,卖盘
2291,13:00:16,15.75,0.0,11,17328,卖盘
2292,13:00:25,15.75,0.0,1,1575,卖盘
2293,13:00:28,15.75,0.0,30,47250,卖盘
2294,13:00:31,15.77,0.02,7,11039,买盘
2295,13:00:34,15.75,-0.02,28,44100,卖盘
2296,13:00:37,15.76,0.01,7,11028,买盘
2297,13:00:40,15.76,0.0,78,122851,买盘
2298,13:00:43,15.75,-0.01,15,23635,卖盘
2299,13:00:46,15.76,0.01,25,39400,买盘
2300,13:00:48,15.76,0.0,9,14184,买盘
2301,13:00:51,15.76,0.0,44,69343,买盘
2302,13:00:55,15.77,0.01,10,15770,买盘
2303,13:01:01,15.77,0.0,61,96146,买盘
2304,13:01:05,15.77,0.0,20,31540,买盘
2305,13:01:07,15.77,0.0,16,25232,卖盘
2306,13:01:10,15.77,0.0,1,1577,卖盘
2307,13:01:13,15.77,0.0,46,72542,卖盘
2308,13:01:15,15.77,0.0,52,82004,卖盘
2309,13:01:19,15.77,0.0,32,50452,买盘
2310,13:01:22,15.77,0.0,9,14193,买盘
2311,13:01:25,15.77,0.0,5,7885,买盘
2312,13:01:28,15.77,0.0,13,20495,买盘
2313,13:01:31,15.77,0.0,11,17347,买盘
2314,13:01:34,15.77,0.0,11,17347,买盘
2315,13:01:37,15.77,0.0,13,20501,卖盘
2316,13:01:40,15.77,0.0,13,20501,卖盘
2317,13:01:43,15.78,0.01,63,99409,买盘
2318,13:01:46,15.77,-0.01,20,31552,卖盘
2319,13:01:49,15.77,0.0,37,58349,卖盘
2320,13:01:52,15.78,0.01,2,3156,买盘
2321,13:01:55,15.79,0.01,27,42605,买盘
2322,13:01:58,15.78,-0.01,17,26828,中性盘
2323,13:02:00,15.78,0.0,10,15780,卖盘
2324,13:02:07,15.79,0.01,7,11047,买盘
2325,13:02:10,15.78,-0.01,10,15780,卖盘
2326,13:02:13,15.78,0.0,9,14202,卖盘
2327,13:02:19,15.79,0.01,20,31570,买盘
2328,13:02:22,15.78,-0.01,57,89946,卖盘
2329,13:02:25,15.78,0.0,41,64698,卖盘
2330,13:02:28,15.79,0.01,15,23685,买盘
2331,13:02:31,15.78,-0.01,1,1578,卖盘
2332,13:02:33,15.78,0.0,8,12631,卖盘
2333,13:02:37,15.78,0.0,2,3156,卖盘
2334,13:02:40,15.78,0.0,71,112053,卖盘
2335,13:02:42,15.79,0.01,8,12632,买盘
2336,13:02:46,15.79,0.0,1,1579,买盘
2337,13:02:49,15.78,-0.01,14,22092,卖盘
2338,13:02:55,15.78,0.0,4,6313,卖盘
2339,13:03:01,15.79,0.01,31,48949,买盘
2340,13:03:05,15.79,0.0,10,15783,买盘
2341,13:03:07,15.78,-0.01,6,9468,卖盘
2342,13:03:10,15.79,0.01,5,7895,买盘
2343,13:03:18,15.8,0.01,599,946257,买盘
2344,13:03:22,15.78,-0.02,12,18954,卖盘
2345,13:03:24,15.79,0.01,1,1579,卖盘
2346,13:03:31,15.81,0.02,13,20553,买盘
2347,13:03:33,15.81,0.0,10,15810,买盘
2348,13:03:36,15.81,0.0,8,12648,买盘
2349,13:03:43,15.8,-0.01,1,1580,中性盘
2350,13:03:46,15.79,-0.01,14,22123,卖盘
2351,13:03:48,15.8,0.01,10,15800,中性盘
2352,13:03:55,15.81,0.01,20,31610,买盘
2353,13:03:58,15.81,0.0,10,15810,买盘
2354,13:04:01,15.8,-0.01,1,1580,卖盘
2355,13:04:05,15.8,0.0,44,69539,卖盘
2356,13:04:07,15.8,0.0,40,63230,卖盘
2357,13:04:10,15.81,0.01,37,58472,买盘
2358,13:04:13,15.8,-0.01,19,30020,卖盘
2359,13:04:16,15.8,0.0,9,14225,卖盘
2360,13:04:19,15.8,0.0,1,1580,卖盘
2361,13:04:22,15.81,0.01,86,135886,买盘
2362,13:04:25,15.8,-0.01,6,9480,卖盘
2363,13:04:28,15.8,0.0,61,96380,卖盘
2364,13:04:31,15.81,0.01,5,7905,买盘
2365,13:04:34,15.8,-0.01,24,37920,卖盘
2366,13:04:37,15.8,0.0,1,1580,卖盘
2367,13:04:40,15.8,0.0,15,23700,卖盘
2368,13:04:43,15.81,0.01,10,15810,买盘
2369,13:04:46,15.8,-0.01,100,158000,卖盘
2370,13:04:49,15.8,0.0,105,165900,卖盘
2371,13:04:52,15.81,0.01,110,173900,买盘
2372,13:04:55,15.81,0.0,113,178617,买盘
2373,13:04:58,15.81,0.0,20,31620,买盘
2374,13:05:01,15.81,0.0,10,15810,买盘
2375,13:05:04,15.81,0.0,7,11067,买盘
2376,13:05:07,15.8,-0.01,73,115398,卖盘
2377,13:05:10,15.8,0.0,123,194340,卖盘
2378,13:05:13,15.81,0.01,8,12648,买盘
2379,13:05:16,15.8,-0.01,1,1580,卖盘
2380,13:05:19,15.81,0.01,83,131189,买盘
2381,13:05:22,15.8,-0.01,80,126415,卖盘
2382,13:05:25,15.81,0.01,17,26877,买盘
2383,13:05:28,15.8,-0.01,9,14220,卖盘
2384,13:05:31,15.8,0.0,21,33180,卖盘
2385,13:05:34,15.8,0.0,21,33180,卖盘
2386,13:05:40,15.79,-0.01,72,113749,卖盘
2387,13:05:43,15.8,0.01,20,31600,买盘
2388,13:05:46,15.8,0.0,32,50560,买盘
2389,13:05:49,15.79,-0.01,14,22106,卖盘
2390,13:05:55,15.79,0.0,5,7895,卖盘
2391,13:05:57,15.78,-0.01,167,263683,卖盘
2392,13:06:01,15.78,0.0,229,361362,卖盘
2393,13:06:05,15.79,0.01,7,11049,买盘
2394,13:06:07,15.79,0.0,25,39470,买盘
2395,13:06:10,15.78,-0.01,13,20514,卖盘
2396,13:06:13,15.78,0.0,47,74166,卖盘
2397,13:06:15,15.78,0.0,80,126240,卖盘
2398,13:06:19,15.78,0.0,11,17358,卖盘
2399,13:06:22,15.78,0.0,10,15780,卖盘
2400,13:06:24,15.78,0.0,10,15780,买盘
2401,13:06:28,15.78,0.0,3,4734,卖盘
2402,13:06:31,15.77,-0.01,20,31540,卖盘
2403,13:06:33,15.78,0.01,3,4734,买盘
2404,13:06:37,15.78,0.0,15,23670,买盘
2405,13:06:40,15.78,0.0,1,1578,买盘
2406,13:06:43,15.78,0.0,1,1578,买盘
2407,13:06:46,15.78,0.0,35,55224,买盘
2408,13:06:49,15.78,0.0,29,45762,买盘
2409,13:06:52,15.78,0.0,16,25248,卖盘
2410,13:06:58,15.78,0.0,2,3155,买盘
2411,13:07:01,15.77,-0.01,15,23666,卖盘
2412,13:07:07,15.77,0.0,11,17355,卖盘
2413,13:07:10,15.77,0.0,35,55216,卖盘
2414,13:07:19,15.77,0.0,33,52041,卖盘
2415,13:07:22,15.77,0.0,25,39425,卖盘
2416,13:07:25,15.78,0.01,1,1578,买盘
2417,13:07:28,15.77,-0.01,18,28389,卖盘
2418,13:07:31,15.77,0.0,18,28386,卖盘
2419,13:07:40,15.78,0.01,66,104148,买盘
2420,13:07:46,15.78,0.0,10,14991,卖盘
2421,13:07:49,15.78,0.0,27,43395,卖盘
2422,13:07:55,15.78,0.0,7,11040,买盘
2423,13:07:58,15.78,0.0,9,14197,买盘
2424,13:08:01,15.77,-0.01,9,14195,卖盘
2425,13:08:05,15.77,0.0,20,31542,卖盘
2426,13:08:07,15.78,0.01,34,53649,买盘
2427,13:08:10,15.78,0.0,10,15780,买盘
2428,13:08:13,15.78,0.0,139,218484,买盘
2429,13:08:16,15.77,-0.01,3,4731,卖盘
2430,13:08:19,15.78,0.01,3,4734,买盘
2431,13:08:22,15.77,-0.01,20,31540,卖盘
2432,13:08:28,15.77,0.0,24,37848,卖盘
2433,13:08:31,15.77,0.0,20,31540,卖盘
2434,13:08:34,15.77,0.0,13,20501,卖盘
2435,13:08:37,15.77,0.0,8,12616,卖盘
2436,13:08:40,15.77,0.0,31,48889,卖盘
2437,13:08:43,15.77,0.0,151,238127,卖盘
2438,13:08:46,15.77,0.0,15,24448,卖盘
2439,13:08:55,15.76,-0.01,3,4729,卖盘
2440,13:09:01,15.76,0.0,10,15768,卖盘
2441,13:09:05,15.76,0.0,10,15760,卖盘
2442,13:09:07,15.76,0.0,30,47280,卖盘
2443,13:09:10,15.76,0.0,24,37824,卖盘
2444,13:09:13,15.76,0.0,31,48856,卖盘
2445,13:09:16,15.76,0.0,30,47280,卖盘
2446,13:09:19,15.76,0.0,42,66215,卖盘
2447,13:09:22,15.76,0.0,30,47280,卖盘
2448,13:09:25,15.76,0.0,139,219064,卖盘
2449,13:09:28,15.76,0.0,5,7880,卖盘
2450,13:09:31,15.77,0.01,81,127681,买盘
2451,13:09:34,15.76,-0.01,10,15760,卖盘
2452,13:09:37,15.77,0.01,43,67798,买盘
2453,13:09:40,15.76,-0.01,57,89842,卖盘
2454,13:09:43,15.76,0.0,16,25217,卖盘
2455,13:09:46,15.77,0.01,8,12612,买盘
2456,13:09:49,15.76,-0.01,29,45704,卖盘
2457,13:09:52,15.77,0.01,8,12610,买盘
2458,13:09:55,15.77,0.0,21,33117,买盘
2459,13:10:01,15.77,0.0,1,1577,买盘
2460,13:10:05,15.76,-0.01,21,33100,卖盘
2461,13:10:07,15.76,0.0,85,133960,卖盘
2462,13:10:10,15.77,0.01,7,11039,买盘
2463,13:10:13,15.76,-0.01,38,59888,卖盘
2464,13:10:16,15.77,0.01,114,179778,买盘
2465,13:10:19,15.77,0.0,46,72542,买盘
2466,13:10:22,15.77,0.0,55,86735,卖盘
2467,13:10:25,15.77,0.0,36,56772,卖盘
2468,13:10:31,15.77,0.0,28,44156,卖盘
2469,13:10:34,15.76,-0.01,69,108745,卖盘
2470,13:10:40,15.76,0.0,1,1576,卖盘
2471,13:10:43,15.77,0.01,24,37843,买盘
2472,13:10:46,15.77,0.0,26,41002,卖盘
2473,13:10:49,15.77,0.0,42,66234,卖盘
2474,13:10:52,15.77,0.0,34,53618,卖盘
2475,13:10:55,15.77,0.0,1,1577,买盘
2476,13:11:01,15.77,0.0,39,61503,买盘
2477,13:11:05,15.77,0.0,5,7885,买盘
2478,13:11:07,15.77,0.0,54,85130,买盘
2479,13:11:10,15.77,0.0,11,17344,买盘
2480,13:11:13,15.77,0.0,17,26797,买盘
2481,13:11:16,15.77,0.0,58,91436,买盘
2482,13:11:22,15.76,-0.01,38,59905,卖盘
2483,13:11:27,15.77,0.01,9,14192,买盘
2484,13:11:31,15.77,0.0,3,4731,买盘
2485,13:11:33,15.77,0.0,52,82004,买盘
2486,13:11:37,15.76,-0.01,171,269542,卖盘
2487,13:11:40,15.77,0.01,42,66234,买盘
2488,13:11:49,15.76,-0.01,31,48864,卖盘
2489,13:11:52,15.77,0.01,8,12616,中性盘
2490,13:11:55,15.77,0.0,11,17347,买盘
2491,13:11:57,15.76,-0.01,30,47300,卖盘
2492,13:12:00,15.77,0.01,58,91466,买盘
2493,13:12:07,15.76,-0.01,30,47303,卖盘
2494,13:12:10,15.76,0.0,3,4728,卖盘
2495,13:12:13,15.76,0.0,12,18912,卖盘
2496,13:12:16,15.76,0.0,30,47280,卖盘
2497,13:12:21,15.77,0.01,123,193954,买盘
2498,13:12:24,15.78,0.01,77,121790,买盘
2499,13:12:28,15.77,-0.01,47,74140,卖盘
2500,13:12:31,15.77,0.0,5,7885,卖盘
2501,13:12:34,15.77,0.0,64,100928,卖盘
2502,13:12:37,15.78,0.01,1,1578,买盘
2503,13:12:43,15.78,0.0,12,18936,买盘
2504,13:12:45,15.77,-0.01,5,7885,卖盘
2505,13:12:52,15.77,0.0,3,4731,卖盘
2506,13:12:54,15.77,0.0,3,4733,卖盘
2507,13:12:58,15.77,0.0,229,361133,卖盘
2508,13:13:04,15.77,0.0,462,728574,卖盘
2509,13:13:07,15.77,0.0,8,12616,买盘
2510,13:13:13,15.77,0.0,24,37848,买盘
2511,13:13:16,15.77,0.0,48,75696,买盘
2512,13:13:19,15.76,-0.01,133,209708,卖盘
2513,13:13:22,15.77,0.01,15,23655,买盘
2514,13:13:25,15.77,0.0,4,6308,买盘
2515,13:13:28,15.77,0.0,21,33107,买盘
2516,13:13:31,15.76,-0.01,159,250721,卖盘
2517,13:13:33,15.77,0.01,13,20501,买盘
2518,13:13:37,15.76,-0.01,52,81952,卖盘
2519,13:13:40,15.77,0.01,5,7883,买盘
2520,13:13:43,15.76,-0.01,31,48856,卖盘
2521,13:13:46,15.76,0.0,106,167056,卖盘
2522,13:13:49,15.76,0.0,489,770668,卖盘
2523,13:13:52,15.76,0.0,382,601654,卖盘
2524,13:13:55,15.76,0.0,48,76026,买盘
2525,13:13:57,15.76,0.0,29,45704,卖盘
2526,13:14:01,15.76,0.0,31,48478,卖盘
2527,13:14:05,15.76,0.0,11,17335,买盘
2528,13:14:07,15.74,-0.02,976,1537204,卖盘
2529,13:14:10,15.75,0.01,6,9450,买盘
2530,13:14:13,15.75,0.0,12,18904,卖盘
2531,13:14:16,15.76,0.01,33,51995,买盘
2532,13:14:19,15.75,-0.01,80,125993,卖盘
2533,13:14:22,15.75,0.0,1,1575,买盘
2534,13:14:24,15.74,-0.01,245,385869,卖盘
2535,13:14:27,15.75,0.01,10,15750,买盘
2536,13:14:31,15.75,0.0,125,196824,买盘
2537,13:14:34,15.74,-0.01,128,201472,卖盘
2538,13:14:37,15.75,0.01,23,36203,买盘
2539,13:14:40,15.74,-0.01,196,308505,卖盘
2540,13:14:43,15.74,0.0,311,489627,卖盘
2541,13:14:46,15.74,0.0,104,163698,卖盘
2542,13:14:48,15.74,0.0,170,267670,卖盘
2543,13:14:52,15.74,0.0,97,152678,卖盘
2544,13:14:55,15.74,0.0,181,284904,卖盘
2545,13:14:57,15.74,0.0,82,129068,卖盘
2546,13:15:01,15.74,0.0,851,1339474,卖盘
2547,13:15:05,15.73,-0.01,35,54382,买盘
2548,13:15:07,15.73,0.0,1000,1573000,卖盘
2549,13:15:10,15.73,0.0,113,177757,卖盘
2550,13:15:13,15.73,0.0,92,144716,卖盘
2551,13:15:15,15.73,0.0,1028,1618143,卖盘
2552,13:15:19,15.72,-0.01,19,29869,卖盘
2553,13:15:21,15.72,0.0,60,94320,卖盘
2554,13:15:24,15.72,0.0,9,14150,卖盘
2555,13:15:28,15.72,0.0,336,528192,卖盘
2556,13:15:31,15.72,0.0,291,457457,卖盘
2557,13:15:34,15.72,0.0,308,484176,卖盘
2558,13:15:37,15.72,0.0,293,459417,卖盘
2559,13:15:40,15.72,0.0,70,110040,卖盘
2560,13:15:43,15.72,0.0,229,359988,卖盘
2561,13:15:46,15.72,0.0,83,130476,卖盘
2562,13:15:48,15.72,0.0,206,323833,卖盘
2563,13:15:52,15.73,0.01,50,78602,买盘
2564,13:15:55,15.72,-0.01,47,73884,卖盘
2565,13:15:58,15.72,0.0,1075,1689538,卖盘
2566,13:16:01,15.72,0.0,74,116328,卖盘
2567,13:16:05,15.71,-0.01,18,28294,卖盘
2568,13:16:07,15.72,0.01,26,40872,买盘
2569,13:16:10,15.71,-0.01,16,25143,卖盘
2570,13:16:13,15.71,0.0,183,287523,卖盘
2571,13:16:16,15.71,0.0,79,124124,卖盘
2572,13:16:19,15.71,0.0,26,40866,卖盘
2573,13:16:22,15.71,0.0,216,339336,卖盘
2574,13:16:24,15.71,0.0,28,44011,卖盘
2575,13:16:27,15.71,0.0,17,27492,卖盘
2576,13:16:31,15.71,0.0,153,240370,卖盘
2577,13:16:34,15.71,0.0,185,290661,卖盘
2578,13:16:37,15.71,0.0,40,62840,卖盘
2579,13:16:40,15.71,0.0,18,28278,卖盘
2580,13:16:43,15.71,0.0,60,94311,卖盘
2581,13:16:46,15.71,0.0,312,490296,卖盘
2582,13:16:49,15.71,0.0,47,73847,卖盘
2583,13:16:52,15.72,0.01,330,518621,买盘
2584,13:16:55,15.71,-0.01,9,14139,卖盘
2585,13:16:58,15.71,0.0,58,91128,卖盘
2586,13:17:01,15.72,0.01,109,171318,买盘
2587,13:17:05,15.72,0.0,121,190137,买盘
2588,13:17:07,15.72,0.0,175,275100,买盘
2589,13:17:10,15.73,0.01,271,425975,买盘
2590,13:17:13,15.72,-0.01,160,251520,卖盘
2591,13:17:16,15.73,0.01,55,86477,买盘
2592,13:17:19,15.73,0.0,11,17303,买盘
2593,13:17:22,15.73,0.0,5,7865,买盘
2594,13:17:25,15.73,0.0,39,61317,买盘
2595,13:17:28,15.73,0.0,12,18876,买盘
2596,13:17:31,15.72,-0.01,55,86470,卖盘
2597,13:17:34,15.72,0.0,20,31441,卖盘
2598,13:17:37,15.73,0.01,3,4719,买盘
2599,13:17:40,15.73,0.0,83,130508,买盘
2600,13:17:43,15.73,0.0,282,443586,买盘
2601,13:17:46,15.73,0.0,222,349205,买盘
2602,13:17:49,15.73,0.0,22,34606,卖盘
2603,13:17:55,15.74,0.01,7,11018,买盘
2604,13:18:05,15.74,0.0,32,50369,卖盘
2605,13:18:07,15.75,0.01,71,111825,买盘
2606,13:18:10,15.74,-0.01,21,33065,卖盘
2607,13:18:13,15.75,0.01,18,28350,买盘
2608,13:18:16,15.75,0.0,22,34648,买盘
2609,13:18:19,15.75,0.0,27,42525,买盘
2610,13:18:22,15.75,0.0,7,11025,卖盘
2611,13:18:25,15.75,0.0,20,31500,卖盘
2612,13:18:28,15.76,0.01,14,22064,买盘
2613,13:18:34,15.75,-0.01,46,72450,卖盘
2614,13:18:36,15.75,0.0,9,14175,卖盘
2615,13:18:40,15.76,0.01,16,25203,买盘
2616,13:18:43,15.77,0.01,198,312111,买盘
2617,13:18:46,15.76,-0.01,32,50436,买盘
2618,13:18:49,15.76,0.0,99,156023,卖盘
2619,13:18:51,15.77,0.01,15,23649,买盘
2620,13:18:55,15.75,-0.02,12,18906,卖盘
2621,13:18:58,15.76,0.01,16,25213,买盘
2622,13:19:01,15.78,0.02,12,18930,买盘
2623,13:19:05,15.78,0.0,10,15776,买盘
2624,13:19:13,15.77,-0.01,71,111909,买盘
2625,13:19:16,15.78,0.01,25,39436,买盘
2626,13:19:19,15.78,0.0,8,12622,买盘
2627,13:19:21,15.77,-0.01,13,20501,卖盘
2628,13:19:25,15.78,0.01,418,658360,买盘
2629,13:19:31,15.78,0.0,50,78900,卖盘
2630,13:19:34,15.79,0.01,1,1579,买盘
2631,13:19:37,15.79,0.0,13,20521,买盘
2632,13:19:40,15.78,-0.01,184,290352,卖盘
2633,13:19:43,15.79,0.01,12,18948,买盘
2634,13:19:46,15.78,-0.01,20,31560,卖盘
2635,13:19:48,15.78,0.0,36,56811,卖盘
2636,13:19:52,15.78,0.0,23,36297,卖盘
2637,13:19:55,15.78,0.0,69,108911,卖盘
2638,13:19:58,15.79,0.01,97,153092,买盘
2639,13:20:00,15.79,0.0,152,239988,买盘
2640,13:20:05,15.78,-0.01,265,418314,卖盘
