,time,price,change,volume,amount,type
0,09:25:01,15.45,0.01,4004,6187493,买盘
1,09:30:01,15.45,0.0,780,1204811,卖盘
2,09:30:05,15.4,-0.05,3217,4966620,卖盘
3,09:30:07,15.4,0.0,791,1220409,卖盘
4,09:30:10,15.4,0.0,514,792231,买盘
5,09:30:13,15.4,0.0,353,543984,买盘
6,09:30:16,15.41,0.01,191,294431,中性盘
7,09:30:19,15.43,0.02,200,308343,买盘
8,09:30:22,15.39,-0.04,244,375749,卖盘
9,09:30:25,15.39,0.0,318,489677,卖盘
10,09:30:28,15.39,0.0,79,121687,卖盘
11,09:30:31,15.41,0.02,138,212611,买盘
12,09:30:34,15.42,0.01,365,562565,买盘
13,09:30:36,15.4,-0.02,400,617445,卖盘
14,09:30:40,15.43,0.03,274,423018,买盘
15,09:30:42,15.45,0.02,355,548237,买盘
16,09:30:46,15.46,0.01,750,1158733,买盘
17,09:30:49,15.45,-0.01,62,95741,卖盘
18,09:30:52,15.46,0.01,110,170012,买盘
19,09:30:55,15.46,0.0,176,272044,买盘
20,09:30:58,15.46,0.0,143,220977,买盘
21,09:31:01,15.45,-0.01,231,356859,卖盘
22,09:31:04,15.44,-0.01,373,576764,卖盘
23,09:31:07,15.45,0.01,383,591540,中性盘
24,09:31:10,15.44,-0.01,10,15443,中性盘
25,09:31:13,15.45,0.01,334,515097,买盘
26,09:31:16,15.42,-0.03,346,534373,卖盘
27,09:31:19,15.44,0.02,435,671440,买盘
28,09:31:22,15.44,0.0,64,98823,买盘
29,09:31:25,15.44,0.0,211,325866,买盘
30,09:31:28,15.44,0.0,632,975979,中性盘
31,09:31:31,15.44,0.0,453,699711,卖盘
32,09:31:34,15.43,-0.01,204,314865,中性盘
33,09:31:37,15.42,-0.01,83,128044,卖盘
34,09:31:40,15.43,0.01,237,365679,买盘
35,09:31:43,15.43,0.0,96,148523,中性盘
36,09:31:46,15.42,-0.01,361,556728,卖盘
37,09:31:49,15.43,0.01,147,226287,买盘
38,09:31:52,15.42,-0.01,49,75558,中性盘
39,09:31:55,15.41,-0.01,71,109422,卖盘
40,09:31:57,15.41,0.0,192,295918,卖盘
41,09:32:00,15.42,0.01,432,665788,买盘
42,09:32:04,15.41,-0.01,414,638131,卖盘
43,09:32:07,15.42,0.01,364,561155,买盘
44,09:32:10,15.42,0.0,265,408630,卖盘
45,09:32:13,15.42,0.0,314,484242,卖盘
46,09:32:16,15.43,0.01,226,348628,买盘
47,09:32:19,15.43,0.0,166,255974,买盘
48,09:32:21,15.42,-0.01,110,169627,卖盘
49,09:32:25,15.43,0.01,345,532624,买盘
50,09:32:28,15.43,0.0,103,158882,卖盘
51,09:32:31,15.43,0.0,89,137327,卖盘
52,09:32:34,15.44,0.01,149,229894,买盘
53,09:32:37,15.43,-0.01,533,821501,卖盘
54,09:32:40,15.43,0.0,78,120364,买盘
55,09:32:43,15.43,0.0,414,639172,卖盘
56,09:32:46,15.44,0.01,74,114218,买盘
57,09:32:49,15.44,0.0,382,589303,卖盘
58,09:32:52,15.44,0.0,120,185173,买盘
59,09:32:55,15.44,0.0,116,179127,买盘
60,09:32:58,15.44,0.0,104,160576,卖盘
61,09:33:00,15.44,0.0,148,228467,卖盘
62,09:33:05,15.44,0.0,167,257837,卖盘
63,09:33:07,15.44,0.0,167,258275,买盘
64,09:33:10,15.43,-0.01,68,104984,卖盘
65,09:33:13,15.43,0.0,102,157420,卖盘
66,09:33:16,15.43,0.0,131,202187,卖盘
67,09:33:19,15.44,0.01,328,505870,买盘
68,09:33:22,15.44,0.0,275,424152,买盘
69,09:33:25,15.42,-0.02,581,896502,中性盘
70,09:33:27,15.41,-0.01,433,666859,卖盘
71,09:33:30,15.4,-0.01,74,113998,卖盘
72,09:33:34,15.4,0.0,1163,1791040,卖盘
73,09:33:37,15.41,0.01,80,123211,买盘
74,09:33:39,15.4,-0.01,151,232555,卖盘
75,09:33:43,15.4,0.0,76,117029,买盘
76,09:33:46,15.39,-0.01,204,314021,卖盘
77,09:33:49,15.39,0.0,46,70795,卖盘
78,09:33:52,15.39,0.0,169,260122,卖盘
79,09:33:55,15.39,0.0,249,383308,卖盘
80,09:33:58,15.39,0.0,547,841957,卖盘
81,09:34:01,15.39,0.0,431,663309,卖盘
82,09:34:05,15.39,0.0,765,1177762,卖盘
83,09:34:07,15.39,0.0,566,870736,卖盘
84,09:34:10,15.38,-0.01,121,186153,卖盘
85,09:34:13,15.38,0.0,336,516508,卖盘
86,09:34:16,15.37,-0.01,210,322790,卖盘
87,09:34:19,15.37,0.0,175,269058,卖盘
88,09:34:22,15.37,0.0,508,780805,卖盘
89,09:34:25,15.37,0.0,434,667253,买盘
90,09:34:28,15.36,-0.01,344,528661,卖盘
91,09:34:31,15.38,0.02,294,451857,买盘
92,09:34:34,15.39,0.01,1875,2885987,买盘
93,09:34:37,15.38,-0.01,183,281988,卖盘
94,09:34:40,15.4,0.02,111,170786,买盘
95,09:34:43,15.39,-0.01,180,276984,买盘
96,09:34:46,15.41,0.02,278,427915,买盘
97,09:34:49,15.4,-0.01,754,1160630,买盘
98,09:34:52,15.39,-0.01,93,143167,卖盘
99,09:34:55,15.4,0.01,89,137119,卖盘
100,09:34:58,15.4,0.0,138,212449,卖盘
101,09:35:01,15.39,-0.01,105,161630,卖盘
102,09:35:04,15.4,0.01,105,161696,买盘
103,09:35:07,15.38,-0.02,202,310967,卖盘
104,09:35:10,15.4,0.02,196,301746,买盘
105,09:35:13,15.39,-0.01,197,303305,卖盘
106,09:35:16,15.41,0.02,333,512591,买盘
107,09:35:19,15.41,0.0,122,187940,买盘
108,09:35:22,15.4,-0.01,398,612946,卖盘
109,09:35:25,15.4,0.0,105,161701,卖盘
110,09:35:27,15.4,0.0,231,355638,卖盘
111,09:35:31,15.4,0.0,43,66200,买盘
112,09:35:34,15.39,-0.01,12,18470,中性盘
113,09:35:37,15.39,0.0,108,166206,卖盘
114,09:35:40,15.39,0.0,152,233921,买盘
115,09:35:43,15.38,-0.01,1052,1619491,卖盘
116,09:35:46,15.39,0.01,67,103099,买盘
117,09:35:49,15.39,0.0,108,166231,卖盘
118,09:35:51,15.38,-0.01,149,229651,卖盘
119,09:35:55,15.38,0.0,65,99972,卖盘
120,09:35:58,15.39,0.01,74,113850,买盘
121,09:36:01,15.38,-0.01,78,119072,卖盘
122,09:36:05,15.38,0.0,221,340888,买盘
123,09:36:07,15.38,0.0,195,299910,卖盘
124,09:36:10,15.38,0.0,99,151367,卖盘
125,09:36:13,15.39,0.01,525,808618,买盘
126,09:36:16,15.39,0.0,330,507535,卖盘
127,09:36:18,15.39,0.0,159,244748,买盘
128,09:36:21,15.38,-0.01,304,467661,卖盘
129,09:36:25,15.38,0.0,15,23075,卖盘
130,09:36:27,15.38,0.0,124,190712,卖盘
131,09:36:31,15.38,0.0,125,192261,卖盘
132,09:36:34,15.38,0.0,150,230702,卖盘
133,09:36:37,15.38,0.0,410,630336,买盘
134,09:36:40,15.39,0.01,702,1079639,买盘
135,09:36:43,15.38,-0.01,276,424514,中性盘
136,09:36:46,15.38,0.0,151,232215,卖盘
137,09:36:48,15.39,0.01,126,193806,买盘
138,09:36:52,15.39,0.0,139,213802,买盘
139,09:36:55,15.38,-0.01,316,486243,卖盘
140,09:36:57,15.39,0.01,315,483454,买盘
141,09:37:01,15.39,0.0,1034,1592086,卖盘
142,09:37:04,15.4,0.01,201,309837,中性盘
143,09:37:07,15.41,0.01,488,751252,买盘
144,09:37:10,15.4,-0.01,61,93930,中性盘
145,09:37:13,15.4,0.0,27,41590,卖盘
146,09:37:15,15.4,0.0,260,400551,卖盘
147,09:37:19,15.41,0.01,286,440524,买盘
148,09:37:22,15.4,-0.01,457,704174,卖盘
149,09:37:25,15.41,0.01,183,282096,买盘
150,09:37:27,15.41,0.0,89,137159,卖盘
151,09:37:31,15.42,0.01,52,80133,买盘
152,09:37:34,15.42,0.0,37,57019,买盘
153,09:37:37,15.42,0.0,149,229758,买盘
154,09:37:40,15.42,0.0,479,738257,买盘
155,09:37:43,15.42,0.0,20,30840,卖盘
156,09:37:46,15.43,0.01,356,549282,买盘
157,09:37:49,15.44,0.01,86,132628,买盘
158,09:37:52,15.44,0.0,198,305655,买盘
159,09:37:55,15.45,0.01,210,324340,买盘
160,09:37:58,15.45,0.0,895,1382775,买盘
161,09:38:01,15.46,0.01,1524,2357703,买盘
162,09:38:05,15.48,0.02,470,727500,买盘
163,09:38:07,15.48,0.0,220,340552,买盘
164,09:38:10,15.49,0.01,680,1053320,买盘
165,09:38:13,15.49,0.0,277,429070,买盘
166,09:38:15,15.49,0.0,920,1425702,卖盘
167,09:38:19,15.51,0.02,210,325405,买盘
168,09:38:21,15.5,-0.01,329,510080,卖盘
169,09:38:25,15.51,0.01,198,306919,买盘
170,09:38:28,15.51,0.0,87,134985,卖盘
171,09:38:31,15.53,0.02,290,449972,买盘
172,09:38:34,15.52,-0.01,339,526128,卖盘
173,09:38:37,15.53,0.01,286,443988,买盘
174,09:38:40,15.53,0.0,217,336880,买盘
175,09:38:43,15.54,0.01,498,773649,买盘
176,09:38:46,15.53,-0.01,82,127807,卖盘
177,09:38:49,15.53,0.0,174,270391,卖盘
178,09:38:52,15.54,0.01,345,536082,买盘
179,09:38:55,15.53,-0.01,243,377466,卖盘
180,09:38:58,15.53,0.0,882,1370226,卖盘
181,09:39:01,15.54,0.01,409,635351,买盘
182,09:39:05,15.53,-0.01,608,944751,卖盘
183,09:39:07,15.53,0.0,308,478323,卖盘
184,09:39:10,15.53,0.0,406,630833,买盘
185,09:39:13,15.52,-0.01,284,441093,卖盘
186,09:39:16,15.52,0.0,211,327787,卖盘
187,09:39:18,15.53,0.01,246,382006,买盘
188,09:39:22,15.53,0.0,304,472055,买盘
189,09:39:25,15.52,-0.01,235,364989,卖盘
190,09:39:28,15.53,0.01,99,153749,买盘
191,09:39:31,15.53,0.0,796,1236246,买盘
192,09:39:34,15.52,-0.01,176,273152,卖盘
193,09:39:37,15.52,0.0,49,76052,买盘
194,09:39:39,15.52,0.0,50,77593,买盘
195,09:39:43,15.51,-0.01,161,249752,卖盘
196,09:39:46,15.51,0.0,28,43436,卖盘
197,09:39:49,15.52,0.01,580,900078,买盘
198,09:39:52,15.51,-0.01,807,1253162,卖盘
199,09:39:55,15.51,0.0,135,209497,卖盘
200,09:39:57,15.51,0.0,229,355393,卖盘
201,09:40:01,15.53,0.02,968,1503267,买盘
202,09:40:05,15.55,0.02,1169,1816531,买盘
203,09:40:07,15.55,0.0,318,494347,买盘
204,09:40:10,15.54,-0.01,502,780492,卖盘
205,09:40:13,15.55,0.01,360,560189,买盘
206,09:40:16,15.56,0.01,324,503995,买盘
207,09:40:19,15.56,0.0,307,477637,买盘
208,09:40:22,15.56,0.0,397,617707,买盘
209,09:40:25,15.56,0.0,129,200733,卖盘
210,09:40:28,15.57,0.01,357,555816,买盘
211,09:40:31,15.58,0.01,203,316125,买盘
212,09:40:34,15.58,0.0,209,325419,买盘
213,09:40:37,15.58,0.0,487,758580,买盘
214,09:40:40,15.58,0.0,262,408129,买盘
215,09:40:43,15.57,-0.01,784,1220945,卖盘
216,09:40:46,15.57,0.0,356,554289,买盘
217,09:40:49,15.55,-0.02,1285,1998395,卖盘
218,09:40:52,15.56,0.01,154,239612,买盘
219,09:40:54,15.55,-0.01,167,259689,中性盘
220,09:40:58,15.55,0.0,211,328090,买盘
221,09:41:01,15.54,-0.01,174,270578,卖盘
222,09:41:05,15.55,0.01,229,356065,买盘
223,09:41:07,15.53,-0.02,153,237873,卖盘
224,09:41:10,15.52,-0.01,290,450476,卖盘
225,09:41:13,15.56,0.04,537,834567,买盘
226,09:41:16,15.53,-0.03,35,54362,卖盘
227,09:41:19,15.54,0.01,176,273391,买盘
228,09:41:22,15.54,0.0,147,228391,买盘
229,09:41:25,15.55,0.01,31,48165,买盘
230,09:41:28,15.54,-0.01,150,233034,卖盘
231,09:41:30,15.54,0.0,312,485106,卖盘
232,09:41:34,15.54,0.0,114,177155,卖盘
233,09:41:37,15.53,-0.01,142,220652,卖盘
234,09:41:40,15.54,0.01,461,715882,买盘
235,09:41:43,15.52,-0.02,162,251677,卖盘
236,09:41:46,15.53,0.01,113,175548,买盘
237,09:41:49,15.55,0.02,122,190056,买盘
238,09:41:52,15.53,-0.02,185,286983,卖盘
239,09:41:55,15.54,0.01,32,49714,买盘
240,09:41:58,15.54,0.0,142,220652,买盘
241,09:42:00,15.53,-0.01,331,514139,卖盘
242,09:42:05,15.53,0.0,22,34166,买盘
243,09:42:07,15.52,-0.01,291,451821,卖盘
244,09:42:10,15.53,0.01,401,622535,买盘
245,09:42:13,15.53,0.0,75,116458,卖盘
246,09:42:16,15.53,0.0,141,218911,买盘
247,09:42:19,15.53,0.0,154,239161,买盘
248,09:42:22,15.54,0.01,182,282661,买盘
249,09:42:25,15.54,0.0,185,287311,买盘
250,09:42:28,15.54,0.0,122,189485,买盘
251,09:42:31,15.53,-0.01,430,667993,卖盘
252,09:42:34,15.53,0.0,77,119590,卖盘
253,09:42:37,15.54,0.01,160,248519,买盘
254,09:42:40,15.53,-0.01,109,169277,卖盘
255,09:42:43,15.53,0.0,296,460192,卖盘
256,09:42:46,15.53,0.0,115,178132,卖盘
257,09:42:49,15.53,0.0,44,68332,买盘
258,09:42:52,15.53,0.0,340,528314,买盘
259,09:42:55,15.52,-0.01,27,41921,卖盘
260,09:42:58,15.53,0.01,87,135035,买盘
261,09:43:01,15.52,-0.01,85,131975,卖盘
262,09:43:05,15.53,0.01,68,105564,买盘
263,09:43:07,15.52,-0.01,74,114850,卖盘
264,09:43:10,15.53,0.01,193,299609,买盘
265,09:43:13,15.53,0.0,196,304238,买盘
266,09:43:16,15.53,0.0,52,80756,买盘
267,09:43:19,15.53,0.0,165,256218,买盘
268,09:43:22,15.53,0.0,43,66769,买盘
269,09:43:25,15.52,-0.01,67,103984,卖盘
270,09:43:28,15.53,0.01,45,69872,买盘
271,09:43:31,15.52,-0.01,64,99333,中性盘
272,09:43:34,15.52,0.0,51,79104,买盘
273,09:43:37,15.52,0.0,121,187775,买盘
274,09:43:40,15.52,0.0,108,167602,买盘
275,09:43:43,15.52,0.0,60,93116,卖盘
276,09:43:46,15.52,0.0,63,97724,买盘
277,09:43:49,15.51,-0.01,90,139668,卖盘
278,09:43:52,15.51,0.0,69,107044,卖盘
279,09:43:54,15.52,0.01,91,141191,买盘
280,09:43:58,15.51,-0.01,114,176826,卖盘
281,09:44:01,15.51,0.0,225,348978,卖盘
282,09:44:04,15.51,0.0,94,145822,卖盘
283,09:44:07,15.51,0.0,46,71335,买盘
284,09:44:10,15.51,0.0,239,370600,买盘
285,09:44:13,15.51,0.0,41,63563,买盘
286,09:44:16,15.5,-0.01,70,108540,卖盘
287,09:44:19,15.5,0.0,197,305480,卖盘
288,09:44:22,15.5,0.0,559,866494,卖盘
289,09:44:25,15.5,0.0,285,441785,卖盘
290,09:44:28,15.5,0.0,129,200401,卖盘
291,09:44:30,15.5,0.0,7,10847,买盘
292,09:44:34,15.5,0.0,282,436430,买盘
293,09:44:37,15.49,-0.01,12,18598,中性盘
294,09:44:40,15.48,-0.01,51,78987,卖盘
295,09:44:43,15.49,0.01,21,32524,买盘
296,09:44:45,15.48,-0.01,246,380868,卖盘
297,09:44:49,15.48,0.0,93,143968,卖盘
298,09:44:52,15.47,-0.01,196,303441,卖盘
299,09:44:54,15.49,0.02,58,89778,买盘
300,09:44:58,15.48,-0.01,9,13937,中性盘
301,09:45:01,15.47,-0.01,5,7735,卖盘
302,09:45:05,15.47,0.0,46,71162,卖盘
303,09:45:07,15.48,0.01,33,51061,买盘
304,09:45:10,15.47,-0.01,264,408529,卖盘
305,09:45:13,15.48,0.01,271,419302,买盘
306,09:45:16,15.47,-0.01,160,247549,卖盘
307,09:45:19,15.48,0.01,51,78925,买盘
308,09:45:22,15.46,-0.02,191,295469,卖盘
309,09:45:25,15.48,0.02,16,24768,买盘
310,09:45:28,15.47,-0.01,293,453497,卖盘
311,09:45:31,15.47,0.0,56,86663,卖盘
312,09:45:34,15.48,0.01,174,269340,买盘
313,09:45:37,15.47,-0.01,679,1051202,卖盘
314,09:45:40,15.49,0.02,275,425365,中性盘
315,09:45:43,15.48,-0.01,40,62347,卖盘
316,09:45:46,15.48,0.0,92,142366,卖盘
317,09:45:49,15.49,0.01,297,459600,买盘
318,09:45:51,15.49,0.0,74,114595,买盘
319,09:45:55,15.46,-0.03,125,193402,卖盘
320,09:45:58,15.49,0.03,23,35617,买盘
321,09:46:01,15.47,-0.02,50,77359,卖盘
322,09:46:04,15.46,-0.01,126,194833,卖盘
323,09:46:07,15.48,0.02,34,52621,买盘
324,09:46:10,15.47,-0.01,50,77391,卖盘
325,09:46:13,15.47,0.0,23,35588,买盘
326,09:46:16,15.46,-0.01,14,21652,卖盘
327,09:46:18,15.47,0.01,89,137617,买盘
328,09:46:21,15.49,0.02,100,154800,买盘
329,09:46:25,15.46,-0.03,134,207218,卖盘
330,09:46:28,15.46,0.0,73,112858,卖盘
331,09:46:31,15.46,0.0,136,210270,卖盘
332,09:46:34,15.45,-0.01,12,18550,卖盘
333,09:46:37,15.45,0.0,21,32465,卖盘
334,09:46:39,15.45,0.0,134,207030,卖盘
335,09:46:43,15.45,0.0,116,179220,卖盘
336,09:46:45,15.46,0.01,755,1167397,买盘
337,09:46:49,15.46,0.0,175,270555,卖盘
338,09:46:51,15.45,-0.01,43,66447,卖盘
339,09:46:55,15.48,0.03,143,221038,买盘
340,09:46:58,15.45,-0.03,44,67990,卖盘
341,09:47:00,15.45,0.0,56,86533,卖盘
342,09:47:04,15.46,0.01,54,83468,买盘
343,09:47:07,15.46,0.0,8,12368,卖盘
344,09:47:10,15.46,0.0,16,24736,买盘
345,09:47:13,15.45,-0.01,121,186965,卖盘
346,09:47:16,15.46,0.01,58,89628,买盘
347,09:47:19,15.45,-0.01,121,187016,卖盘
348,09:47:22,15.46,0.01,30,46380,买盘
349,09:47:25,15.45,-0.01,125,193125,卖盘
350,09:47:28,15.45,0.0,62,95790,卖盘
351,09:47:31,15.45,0.0,199,307418,买盘
352,09:47:34,15.45,0.0,84,129766,买盘
353,09:47:37,15.45,0.0,31,47888,买盘
354,09:47:39,15.44,-0.01,104,160584,卖盘
355,09:47:43,15.44,0.0,104,160576,卖盘
356,09:47:46,15.44,0.0,406,626362,买盘
357,09:47:49,15.43,-0.01,41,63302,卖盘
358,09:47:52,15.41,-0.02,204,314437,卖盘
359,09:47:58,15.41,0.0,74,114038,买盘
360,09:48:01,15.41,0.0,52,80132,卖盘
361,09:48:05,15.41,0.0,107,164897,卖盘
362,09:48:07,15.41,0.0,101,155651,卖盘
363,09:48:10,15.41,0.0,181,278816,买盘
364,09:48:13,15.41,0.0,248,382328,买盘
365,09:48:16,15.4,-0.01,115,177201,卖盘
366,09:48:19,15.41,0.01,78,120203,买盘
367,09:48:22,15.41,0.0,149,229497,卖盘
368,09:48:25,15.41,0.0,72,110900,买盘
369,09:48:28,15.41,0.0,233,359053,买盘
370,09:48:31,15.41,0.0,34,52394,买盘
371,09:48:34,15.4,-0.01,167,257305,卖盘
372,09:48:37,15.4,0.0,159,244893,卖盘
373,09:48:39,15.4,0.0,170,261838,卖盘
374,09:48:42,15.41,0.01,167,257416,买盘
375,09:48:46,15.4,-0.01,39,60093,卖盘
376,09:48:49,15.41,0.01,93,143287,买盘
377,09:48:52,15.41,0.0,207,318916,买盘
378,09:48:55,15.4,-0.01,26,40063,卖盘
379,09:48:57,15.42,0.02,36,55506,买盘
380,09:49:01,15.41,-0.01,192,295882,卖盘
381,09:49:04,15.41,0.0,32,49322,中性盘
382,09:49:07,15.41,0.0,89,137168,卖盘
383,09:49:10,15.41,0.0,62,94461,卖盘
384,09:49:13,15.41,0.0,68,105857,卖盘
385,09:49:16,15.42,0.01,237,365229,买盘
386,09:49:19,15.41,-0.01,50,77031,卖盘
387,09:49:22,15.41,0.0,82,126368,卖盘
388,09:49:25,15.41,0.0,74,113013,卖盘
389,09:49:28,15.43,0.02,45,69366,买盘
390,09:49:31,15.43,0.0,61,94077,买盘
391,09:49:33,15.42,-0.01,124,191206,卖盘
392,09:49:37,15.42,0.0,82,126444,买盘
393,09:49:40,15.42,0.0,40,61680,买盘
394,09:49:43,15.42,0.0,67,103287,卖盘
395,09:49:46,15.42,0.0,101,155711,买盘
396,09:49:49,15.41,-0.01,66,101706,卖盘
397,09:49:52,15.42,0.01,69,106392,买盘
398,09:49:55,15.42,0.0,197,303662,买盘
399,09:49:57,15.41,-0.01,132,204564,卖盘
400,09:50:01,15.42,0.01,85,130997,中性盘
401,09:50:05,15.42,0.0,54,83268,买盘
402,09:50:07,15.41,-0.01,362,557936,卖盘
403,09:50:10,15.41,0.0,126,194166,买盘
404,09:50:13,15.41,0.0,401,617662,买盘
405,09:50:16,15.41,0.0,174,268127,买盘
406,09:50:19,15.41,0.0,54,83211,卖盘
407,09:50:25,15.41,0.0,321,494661,卖盘
408,09:50:28,15.42,0.01,551,849170,买盘
409,09:50:31,15.43,0.01,536,825766,买盘
410,09:50:33,15.42,-0.01,343,528906,卖盘
411,09:50:37,15.42,0.0,94,146073,卖盘
412,09:50:40,15.42,0.0,191,294422,买盘
413,09:50:43,15.42,0.0,44,67819,买盘
414,09:50:45,15.42,0.0,411,633630,买盘
415,09:50:49,15.42,0.0,114,175826,卖盘
416,09:50:52,15.42,0.0,716,1104617,卖盘
417,09:50:55,15.42,0.0,61,94076,卖盘
418,09:50:58,15.43,0.01,39,60182,卖盘
419,09:51:01,15.43,0.0,377,580905,卖盘
420,09:51:05,15.44,0.01,112,172843,中性盘
421,09:51:07,15.45,0.01,129,199201,买盘
422,09:51:10,15.44,-0.01,32,49388,中性盘
423,09:51:13,15.44,0.0,10,15440,中性盘
424,09:51:16,15.45,0.01,778,1202007,买盘
425,09:51:19,15.45,0.0,1019,1575176,买盘
426,09:51:22,15.45,0.0,75,115885,卖盘
427,09:51:25,15.48,0.03,27,41772,买盘
428,09:51:28,15.48,0.0,15,23220,买盘
429,09:51:31,15.49,0.01,256,396396,买盘
430,09:51:34,15.48,-0.01,165,255420,卖盘
431,09:51:37,15.49,0.01,11,17029,买盘
432,09:51:40,15.49,0.0,149,230759,买盘
433,09:51:43,15.49,0.0,241,373306,买盘
434,09:51:45,15.48,-0.01,292,452059,卖盘
435,09:51:49,15.48,0.0,84,130020,买盘
436,09:51:52,15.47,-0.01,16,24753,卖盘
437,09:51:55,15.48,0.01,55,85140,买盘
438,09:51:57,15.47,-0.01,87,134728,卖盘
439,09:52:01,15.48,0.01,30,46428,中性盘
440,09:52:05,15.47,-0.01,130,201172,卖盘
441,09:52:07,15.47,0.0,516,799491,买盘
442,09:52:10,15.47,0.0,16,24752,买盘
443,09:52:13,15.46,-0.01,126,194882,卖盘
444,09:52:16,15.46,0.0,46,71152,卖盘
445,09:52:19,15.48,0.02,307,475197,买盘
446,09:52:22,15.49,0.01,756,1170318,买盘
447,09:52:25,15.49,0.0,133,205957,买盘
448,09:52:28,15.48,-0.01,116,179658,卖盘
449,09:52:31,15.49,0.01,155,240038,买盘
450,09:52:34,15.49,0.0,164,253986,买盘
451,09:52:37,15.49,0.0,150,232799,买盘
452,09:52:40,15.49,0.0,68,105328,买盘
453,09:52:43,15.5,0.01,330,511146,买盘
454,09:52:46,15.49,-0.01,91,141023,卖盘
455,09:52:49,15.5,0.01,232,359577,买盘
456,09:52:52,15.5,0.0,263,407441,买盘
457,09:52:55,15.49,-0.01,108,167375,卖盘
458,09:52:58,15.5,0.01,372,576575,买盘
459,09:53:01,15.5,0.0,458,709900,买盘
460,09:53:04,15.5,0.0,311,482500,买盘
461,09:53:07,15.5,0.0,72,111608,卖盘
462,09:53:10,15.5,0.0,66,102360,卖盘
463,09:53:13,15.5,0.0,42,65124,卖盘
464,09:53:16,15.5,0.0,238,369059,卖盘
465,09:53:19,15.5,0.0,202,313130,卖盘
466,09:53:22,15.51,0.01,127,196924,买盘
467,09:53:25,15.51,0.0,180,279186,卖盘
468,09:53:28,15.51,0.0,139,215589,买盘
469,09:53:31,15.51,0.0,86,133386,卖盘
470,09:53:34,15.51,0.0,141,218633,卖盘
471,09:53:37,15.51,0.0,138,214107,卖盘
472,09:53:39,15.51,0.0,76,117900,卖盘
473,09:53:43,15.52,0.01,564,875520,买盘
474,09:53:45,15.52,0.0,39,60143,卖盘
475,09:53:49,15.52,0.0,71,110193,卖盘
476,09:53:52,15.53,0.01,140,217288,买盘
477,09:53:55,15.53,0.0,445,690998,买盘
478,09:53:58,15.53,0.0,58,90069,买盘
479,09:54:01,15.53,0.0,35,54340,买盘
480,09:54:04,15.54,0.01,189,293572,买盘
481,09:54:07,15.53,-0.01,37,57911,卖盘
482,09:54:10,15.53,0.0,8,12428,卖盘
483,09:54:13,15.54,0.01,62,96305,买盘
484,09:54:16,15.54,0.0,69,107222,买盘
485,09:54:19,15.54,0.0,203,315462,买盘
486,09:54:22,15.53,-0.01,333,517467,卖盘
487,09:54:25,15.54,0.01,1178,1831610,卖盘
488,09:54:28,15.54,0.0,212,329550,卖盘
489,09:54:30,15.55,0.01,786,1221339,买盘
490,09:54:34,15.56,0.01,277,430826,买盘
491,09:54:37,15.55,-0.01,134,208336,中性盘
492,09:54:40,15.56,0.01,233,362280,买盘
493,09:54:43,15.56,0.0,136,211573,买盘
494,09:54:46,15.55,-0.01,167,259685,卖盘
495,09:54:49,15.55,0.0,530,824601,买盘
496,09:54:52,15.55,0.0,542,843067,买盘
497,09:54:55,15.54,-0.01,141,219958,卖盘
498,09:54:58,15.53,-0.01,181,281224,卖盘
499,09:55:01,15.54,0.01,44,68362,买盘
500,09:55:04,15.53,-0.01,379,588162,卖盘
501,09:55:07,15.53,0.0,137,212773,买盘
502,09:55:10,15.53,0.0,188,291928,买盘
503,09:55:12,15.52,-0.01,183,284185,卖盘
504,09:55:16,15.53,0.01,300,465724,中性盘
505,09:55:19,15.52,-0.01,74,114903,卖盘
506,09:55:22,15.52,0.0,106,164952,卖盘
507,09:55:25,15.51,-0.01,50,76498,卖盘
508,09:55:28,15.5,-0.01,211,327267,卖盘
509,09:55:31,15.52,0.02,108,167541,买盘
510,09:55:34,15.51,-0.01,213,330284,中性盘
511,09:55:37,15.5,-0.01,159,247106,卖盘
512,09:55:40,15.5,0.0,51,79050,买盘
513,09:55:43,15.5,0.0,145,224690,卖盘
514,09:55:46,15.5,0.0,238,369083,买盘
515,09:55:49,15.5,0.0,191,295916,买盘
516,09:55:52,15.5,0.0,6,9300,买盘
517,09:55:55,15.52,0.02,402,623293,买盘
518,09:55:58,15.5,-0.02,12,18600,中性盘
519,09:56:01,15.5,0.0,116,179619,买盘
520,09:56:05,15.5,0.0,63,97650,买盘
521,09:56:07,15.5,0.0,218,338025,卖盘
522,09:56:10,15.5,0.0,73,113154,卖盘
523,09:56:13,15.51,0.01,134,207742,买盘
524,09:56:16,15.5,-0.01,62,96074,买盘
525,09:56:18,15.5,0.0,39,60436,买盘
526,09:56:22,15.5,0.0,71,110050,买盘
527,09:56:25,15.5,0.0,36,55800,买盘
528,09:56:28,15.51,0.01,462,716593,买盘
529,09:56:31,15.51,0.0,207,321244,卖盘
530,09:56:34,15.51,0.0,379,587942,卖盘
531,09:56:37,15.51,0.0,63,97708,买盘
532,09:56:40,15.51,0.0,95,147345,买盘
533,09:56:43,15.51,0.0,91,141148,买盘
534,09:56:46,15.51,0.0,130,201740,卖盘
535,09:56:49,15.52,0.01,242,375272,买盘
536,09:56:52,15.52,0.0,472,732532,买盘
537,09:56:54,15.52,0.0,136,211039,卖盘
538,09:56:58,15.53,0.01,501,778195,买盘
539,09:57:01,15.53,0.0,113,175402,卖盘
540,09:57:05,15.52,-0.01,108,167733,卖盘
541,09:57:07,15.53,0.01,163,253749,中性盘
542,09:57:10,15.53,0.0,45,68788,卖盘
543,09:57:13,15.52,-0.01,52,80738,卖盘
544,09:57:16,15.53,0.01,83,128845,中性盘
545,09:57:19,15.53,0.0,73,113364,买盘
546,09:57:21,15.53,0.0,108,167721,买盘
547,09:57:25,15.53,0.0,129,200337,买盘
548,09:57:28,15.53,0.0,191,296637,卖盘
549,09:57:31,15.53,0.0,49,76097,卖盘
550,09:57:34,15.53,0.0,82,127336,买盘
551,09:57:37,15.53,0.0,85,132007,卖盘
552,09:57:40,15.53,0.0,68,105584,买盘
553,09:57:42,15.53,0.0,382,593203,买盘
554,09:57:46,15.52,-0.01,177,274855,卖盘
555,09:57:49,15.53,0.01,118,183242,买盘
556,09:57:52,15.52,-0.01,63,97818,卖盘
557,09:57:55,15.53,0.01,453,703211,买盘
558,09:57:58,15.52,-0.01,66,102476,买盘
559,09:58:01,15.51,-0.01,172,266844,卖盘
560,09:58:05,15.51,0.0,144,223383,卖盘
561,09:58:07,15.51,0.0,308,477794,卖盘
562,09:58:10,15.51,0.0,108,167537,买盘
563,09:58:13,15.51,0.0,48,74448,买盘
564,09:58:16,15.51,0.0,11,17054,买盘
565,09:58:19,15.5,-0.01,104,161734,卖盘
566,09:58:22,15.52,0.02,321,497765,买盘
567,09:58:24,15.5,-0.02,60,93039,卖盘
568,09:58:28,15.51,0.01,91,141111,买盘
569,09:58:31,15.5,-0.01,327,506955,卖盘
570,09:58:33,15.51,0.01,26,40322,买盘
571,09:58:37,15.51,0.0,298,462461,买盘
572,09:58:39,15.5,-0.01,44,68223,卖盘
573,09:58:43,15.51,0.01,24,37223,买盘
574,09:58:46,15.51,0.0,283,438723,买盘
575,09:58:49,15.51,0.0,26,40331,卖盘
576,09:58:52,15.51,0.0,15,23265,卖盘
577,09:58:55,15.51,0.0,121,187675,卖盘
578,09:58:58,15.5,-0.01,25,38770,卖盘
579,09:59:01,15.5,0.0,181,280656,卖盘
580,09:59:04,15.51,0.01,62,96127,买盘
581,09:59:07,15.5,-0.01,162,251133,卖盘
582,09:59:10,15.51,0.01,46,71314,买盘
583,09:59:13,15.5,-0.01,1117,1731488,卖盘
584,09:59:16,15.5,0.0,46,71300,买盘
585,09:59:19,15.5,0.0,140,217000,买盘
586,09:59:22,15.49,-0.01,49,75940,卖盘
587,09:59:25,15.5,0.01,694,1075024,买盘
588,09:59:27,15.49,-0.01,100,155373,卖盘
589,09:59:30,15.5,0.01,579,896466,买盘
590,09:59:34,15.49,-0.01,56,86705,中性盘
591,09:59:37,15.48,-0.01,58,89831,卖盘
592,09:59:40,15.49,0.01,83,128563,买盘
593,09:59:43,15.49,0.0,14,21684,买盘
594,09:59:46,15.49,0.0,123,190508,买盘
595,09:59:49,15.5,0.01,5,7750,买盘
596,09:59:52,15.48,-0.02,83,128547,卖盘
597,09:59:55,15.49,0.01,18,27875,买盘
598,09:59:58,15.48,-0.01,50,77400,卖盘
599,10:00:01,15.48,0.0,37,57299,卖盘
600,10:00:04,15.49,0.01,146,226145,买盘
601,10:00:07,15.48,-0.01,62,96007,卖盘
602,10:00:10,15.49,0.01,75,116149,买盘
603,10:00:13,15.49,0.0,102,158015,买盘
604,10:00:16,15.49,0.0,130,201261,买盘
605,10:00:19,15.49,0.0,37,57314,卖盘
606,10:00:22,15.49,0.0,53,82105,卖盘
607,10:00:25,15.49,0.0,19,29434,卖盘
608,10:00:28,15.5,0.01,78,120886,买盘
609,10:00:30,15.49,-0.01,81,125469,卖盘
610,10:00:33,15.49,0.0,19,29431,卖盘
611,10:00:37,15.48,-0.01,129,200277,卖盘
612,10:00:39,15.48,0.0,231,357815,卖盘
613,10:00:42,15.49,0.01,5,7742,买盘
614,10:00:46,15.49,0.0,87,134779,买盘
615,10:00:49,15.49,0.0,48,74359,买盘
616,10:00:52,15.5,0.01,563,872614,买盘
617,10:00:55,15.49,-0.01,180,278890,卖盘
618,10:00:58,15.51,0.02,1139,1765558,买盘
619,10:01:01,15.49,-0.02,19,29442,卖盘
620,10:01:05,15.5,0.01,4,6200,买盘
621,10:01:07,15.5,0.0,77,119350,买盘
622,10:01:10,15.49,-0.01,25,38733,卖盘
623,10:01:13,15.5,0.01,117,181417,中性盘
624,10:01:16,15.5,0.0,27,41864,卖盘
625,10:01:19,15.5,0.0,72,111634,卖盘
626,10:01:22,15.5,0.0,3,4650,买盘
627,10:01:25,15.5,0.0,106,164270,买盘
628,10:01:28,15.5,0.0,148,229400,买盘
629,10:01:31,15.5,0.0,31,48050,卖盘
630,10:01:33,15.51,0.01,463,718373,买盘
631,10:01:37,15.52,0.01,153,237305,买盘
632,10:01:40,15.51,-0.01,563,873215,卖盘
633,10:01:43,15.52,0.01,178,276152,买盘
634,10:01:46,15.52,0.0,66,102432,买盘
635,10:01:49,15.5,-0.02,171,264760,卖盘
636,10:01:52,15.53,0.03,176,273262,买盘
637,10:01:55,15.52,-0.01,33,51216,买盘
638,10:01:58,15.52,0.0,29,44989,买盘
639,10:02:00,15.52,0.0,20,31025,买盘
640,10:02:05,15.51,-0.01,106,164502,卖盘
641,10:02:07,15.52,0.01,20,31040,买盘
642,10:02:10,15.52,0.0,1105,1715244,买盘
643,10:02:13,15.51,-0.01,144,223453,卖盘
644,10:02:16,15.55,0.04,1005,1562473,买盘
645,10:02:19,15.55,0.0,532,826879,买盘
646,10:02:22,15.54,-0.01,218,338360,中性盘
647,10:02:24,15.52,-0.02,36,55880,卖盘
648,10:02:28,15.54,0.02,386,600083,买盘
649,10:02:30,15.53,-0.01,209,324421,卖盘
650,10:02:34,15.54,0.01,24,37294,中性盘
651,10:02:37,15.54,0.0,123,191235,卖盘
652,10:02:40,15.55,0.01,308,479642,买盘
653,10:02:42,15.55,0.0,76,118211,卖盘
654,10:02:46,15.55,0.0,59,91776,卖盘
655,10:02:49,15.55,0.0,120,186649,卖盘
656,10:02:52,15.55,0.0,906,1409602,买盘
657,10:02:55,15.56,0.01,1173,1825097,买盘
658,10:02:58,15.57,0.01,1139,1772807,买盘
659,10:03:00,15.58,0.01,2040,3178293,买盘
660,10:03:05,15.59,0.01,912,1421516,买盘
661,10:03:07,15.59,0.0,291,453669,买盘
662,10:03:10,15.6,0.01,891,1388668,买盘
663,10:03:12,15.6,0.0,2944,4592576,买盘
664,10:03:16,15.6,0.0,2163,3374143,买盘
665,10:03:19,15.6,0.0,1301,2029558,买盘
666,10:03:22,15.62,0.02,1662,2593402,买盘
667,10:03:25,15.61,-0.01,36,56207,卖盘
668,10:03:28,15.62,0.01,123,192111,买盘
669,10:03:31,15.63,0.01,194,303041,买盘
670,10:03:33,15.63,0.0,224,350083,买盘
671,10:03:37,15.64,0.01,936,1463861,买盘
672,10:03:40,15.63,-0.01,1035,1619083,卖盘
673,10:03:42,15.64,0.01,1039,1625002,买盘
674,10:03:46,15.64,0.0,726,1135316,买盘
675,10:03:48,15.64,0.0,922,1441913,买盘
676,10:03:52,15.63,-0.01,992,1550822,卖盘
677,10:03:55,15.64,0.01,760,1188261,买盘
678,10:03:58,15.63,-0.01,334,522153,卖盘
679,10:04:01,15.63,0.0,872,1363129,买盘
680,10:04:04,15.63,0.0,345,539322,卖盘
681,10:04:06,15.62,-0.01,553,864224,卖盘
682,10:04:10,15.63,0.01,486,759536,买盘
683,10:04:13,15.63,0.0,810,1266475,买盘
684,10:04:16,15.62,-0.01,335,522205,卖盘
685,10:04:19,15.63,0.01,299,467258,买盘
686,10:04:22,15.63,0.0,766,1196937,买盘
687,10:04:25,15.62,-0.01,158,246800,卖盘
688,10:04:28,15.62,0.0,51,79658,买盘
689,10:04:31,15.61,-0.01,90,140539,卖盘
690,10:04:33,15.61,0.0,305,476369,卖盘
691,10:04:37,15.62,0.01,339,530120,买盘
692,10:04:40,15.61,-0.01,64,99910,卖盘
693,10:04:43,15.62,0.01,801,1251086,买盘
694,10:04:46,15.61,-0.01,159,248265,卖盘
695,10:04:49,15.62,0.01,106,165582,买盘
696,10:04:52,15.62,0.0,450,702934,卖盘
697,10:04:55,15.62,0.0,98,153030,买盘
698,10:04:58,15.62,0.0,56,87468,买盘
699,10:05:00,15.62,0.0,100,156170,买盘
700,10:05:05,15.61,-0.01,1388,2168875,卖盘
701,10:05:07,15.61,0.0,76,118686,卖盘
702,10:05:10,15.62,0.01,247,385790,买盘
703,10:05:13,15.61,-0.01,275,429482,卖盘
704,10:05:16,15.61,0.0,347,541829,卖盘
705,10:05:19,15.61,0.0,359,560761,卖盘
706,10:05:22,15.62,0.01,141,220207,中性盘
707,10:05:25,15.62,0.0,509,795477,卖盘
708,10:05:27,15.62,0.0,112,174946,卖盘
709,10:05:31,15.61,-0.01,176,274953,卖盘
710,10:05:34,15.63,0.02,265,413999,买盘
711,10:05:37,15.62,-0.01,85,132743,卖盘
712,10:05:40,15.62,0.0,142,221804,买盘
713,10:05:43,15.63,0.01,89,139023,买盘
714,10:05:46,15.62,-0.01,154,240648,卖盘
715,10:05:49,15.62,0.0,154,240564,卖盘
716,10:05:52,15.62,0.0,534,834159,卖盘
717,10:05:55,15.63,0.01,219,341030,买盘
718,10:05:58,15.63,0.0,157,245391,卖盘
719,10:06:01,15.63,0.0,47,73475,卖盘
720,10:06:05,15.63,0.0,419,654934,卖盘
721,10:06:07,15.63,0.0,179,279789,卖盘
722,10:06:10,15.63,0.0,310,485874,卖盘
723,10:06:13,15.63,0.0,249,389138,买盘
724,10:06:16,15.63,0.0,577,901523,买盘
725,10:06:18,15.62,-0.01,318,496716,卖盘
726,10:06:22,15.62,0.0,205,320024,买盘
727,10:06:24,15.61,-0.01,396,618579,卖盘
728,10:06:28,15.62,0.01,114,178134,卖盘
729,10:06:31,15.62,0.0,29,44184,买盘
730,10:06:34,15.61,-0.01,525,819598,卖盘
731,10:06:37,15.61,0.0,263,410596,卖盘
732,10:06:39,15.61,0.0,205,320013,买盘
733,10:06:43,15.61,0.0,27,42152,卖盘
734,10:06:46,15.61,0.0,354,552594,卖盘
735,10:06:49,15.61,0.0,79,123343,卖盘
736,10:06:52,15.6,-0.01,117,182634,卖盘
737,10:06:55,15.61,0.01,157,245051,买盘
738,10:06:58,15.61,0.0,13,20285,买盘
739,10:07:01,15.61,0.0,526,820908,买盘
740,10:07:05,15.61,0.0,22,34327,买盘
741,10:07:07,15.61,0.0,53,82709,买盘
742,10:07:10,15.6,-0.01,578,901783,卖盘
743,10:07:13,15.6,0.0,1585,2472691,卖盘
744,10:07:16,15.58,-0.02,475,740235,卖盘
745,10:07:19,15.57,-0.01,22,34272,卖盘
746,10:07:21,15.58,0.01,50,77861,买盘
747,10:07:25,15.57,-0.01,68,105910,卖盘
748,10:07:28,15.58,0.01,256,398861,买盘
749,10:07:31,15.58,0.0,46,71684,卖盘
750,10:07:34,15.58,0.0,61,95038,卖盘
751,10:07:37,15.58,0.0,335,521737,卖盘
752,10:07:40,15.57,-0.01,18,28041,卖盘
753,10:07:43,15.58,0.01,25,39401,买盘
754,10:07:46,15.58,0.0,62,96570,买盘
755,10:07:49,15.57,-0.01,278,432908,卖盘
756,10:07:52,15.58,0.01,289,450262,买盘
757,10:07:55,15.58,0.0,18,28032,卖盘
758,10:07:58,15.58,0.0,112,174496,卖盘
759,10:08:00,15.59,0.01,40,62336,买盘
760,10:08:05,15.59,0.0,40,62361,卖盘
761,10:08:07,15.6,0.01,25,38981,买盘
762,10:08:10,15.59,-0.01,230,358010,卖盘
763,10:08:13,15.6,0.01,80,124800,买盘
764,10:08:16,15.6,0.0,52,81161,卖盘
765,10:08:19,15.6,0.0,32,49927,卖盘
766,10:08:22,15.6,0.0,71,110767,卖盘
767,10:08:25,15.61,0.01,370,577764,买盘
768,10:08:28,15.6,-0.01,73,113929,中性盘
769,10:08:31,15.6,0.0,68,106053,卖盘
770,10:08:34,15.6,0.0,33,51480,买盘
771,10:08:37,15.6,0.0,89,138852,卖盘
772,10:08:40,15.6,0.0,123,191880,买盘
773,10:08:42,15.6,0.0,127,198120,买盘
774,10:08:46,15.59,-0.01,200,311842,卖盘
775,10:08:49,15.59,0.0,56,87311,卖盘
776,10:08:52,15.61,0.02,1168,1822895,买盘
777,10:08:55,15.6,-0.01,213,332280,卖盘
778,10:08:58,15.6,0.0,125,195028,卖盘
779,10:09:01,15.62,0.02,312,486902,买盘
780,10:09:04,15.61,-0.01,21,32783,中性盘
781,10:09:07,15.61,0.0,32,50416,卖盘
782,10:09:10,15.62,0.01,304,474822,买盘
783,10:09:13,15.62,0.0,496,773984,买盘
784,10:09:15,15.61,-0.01,522,815358,卖盘
785,10:09:19,15.61,0.0,48,74950,买盘
786,10:09:22,15.62,0.01,75,117801,买盘
787,10:09:25,15.61,-0.01,70,109324,卖盘
788,10:09:28,15.62,0.01,312,486956,买盘
789,10:09:31,15.62,0.0,64,99948,买盘
790,10:09:33,15.62,0.0,366,571679,买盘
791,10:09:37,15.61,-0.01,56,87462,卖盘
792,10:09:40,15.61,0.0,34,53100,卖盘
793,10:09:43,15.62,0.01,71,110899,买盘
794,10:09:46,15.62,0.0,263,410766,买盘
795,10:09:49,15.61,-0.01,60,93691,卖盘
796,10:09:52,15.62,0.01,165,257730,买盘
797,10:09:54,15.62,0.0,549,857105,买盘
798,10:09:57,15.62,0.0,65,101509,卖盘
799,10:10:01,15.62,0.0,69,107788,买盘
800,10:10:05,15.62,0.0,123,192111,买盘
801,10:10:06,15.6,-0.02,766,1195425,卖盘
802,10:10:10,15.58,-0.02,1074,1673268,卖盘
803,10:10:13,15.55,-0.03,946,1471926,卖盘
804,10:10:16,15.54,-0.01,323,502925,卖盘
805,10:10:19,15.6,0.06,224,348581,买盘
806,10:10:22,15.53,-0.07,9,13985,卖盘
807,10:10:25,15.57,0.04,6,9342,买盘
808,10:10:28,15.59,0.02,94,146501,买盘
809,10:10:31,15.55,-0.04,58,90258,卖盘
810,10:10:34,15.59,0.04,120,186976,买盘
811,10:10:37,15.6,0.01,67,103370,买盘
812,10:10:40,15.57,-0.03,30,46732,卖盘
813,10:10:43,15.57,0.0,94,146380,卖盘
814,10:10:46,15.58,0.01,126,196421,买盘
815,10:10:49,15.58,0.0,17,26493,卖盘
816,10:10:52,15.59,0.01,160,249538,中性盘
817,10:10:55,15.6,0.01,91,141883,买盘
818,10:10:57,15.59,-0.01,7,10917,卖盘
819,10:11:01,15.6,0.01,104,162153,买盘
820,10:11:04,15.59,-0.01,32,49888,买盘
821,10:11:07,15.59,0.0,65,101329,买盘
822,10:11:10,15.58,-0.01,707,1101516,卖盘
823,10:11:13,15.58,0.0,111,172938,买盘
824,10:11:16,15.57,-0.01,601,936858,卖盘
825,10:11:19,15.57,0.0,91,141687,买盘
826,10:11:22,15.57,0.0,72,112103,买盘
827,10:11:24,15.56,-0.01,650,1011517,卖盘
828,10:11:28,15.56,0.0,234,364004,买盘
829,10:11:31,15.56,0.0,194,301709,买盘
830,10:11:34,15.56,0.0,41,63777,买盘
831,10:11:37,15.55,-0.01,429,667246,卖盘
832,10:11:39,15.55,0.0,104,161776,买盘
833,10:11:43,15.55,0.0,17,26434,买盘
834,10:11:46,15.54,-0.01,29,45076,卖盘
835,10:11:48,15.54,0.0,42,65307,卖盘
836,10:11:52,15.54,0.0,1021,1586139,卖盘
837,10:11:55,15.53,-0.01,259,402288,卖盘
838,10:11:58,15.54,0.01,25,38870,中性盘
839,10:12:01,15.53,-0.01,217,337071,卖盘
840,10:12:04,15.53,0.0,81,125846,卖盘
841,10:12:06,15.54,0.01,83,128935,买盘
842,10:12:10,15.54,0.0,114,177076,买盘
843,10:12:13,15.54,0.0,61,93686,卖盘
844,10:12:16,15.54,0.0,78,121183,卖盘
845,10:12:19,15.54,0.0,95,147672,卖盘
846,10:12:22,15.55,0.01,61,94854,买盘
847,10:12:25,15.54,-0.01,58,90152,卖盘
848,10:12:28,15.55,0.01,20,31100,买盘
849,10:12:31,15.54,-0.01,67,104168,卖盘
850,10:12:34,15.55,0.01,55,85525,卖盘
851,10:12:37,15.55,0.0,4,6222,卖盘
852,10:12:40,15.56,0.01,89,138484,买盘
853,10:12:43,15.56,0.0,35,54462,卖盘
854,10:12:46,15.56,0.0,10,15560,卖盘
855,10:12:49,15.56,0.0,212,329898,卖盘
856,10:12:52,15.57,0.01,57,88752,卖盘
857,10:12:55,15.57,0.0,30,46715,卖盘
858,10:12:58,15.58,0.01,14,21811,买盘
859,10:13:01,15.58,0.0,55,85690,买盘
860,10:13:05,15.58,0.0,71,110627,买盘
861,10:13:07,15.57,-0.01,64,99668,卖盘
862,10:13:10,15.57,0.0,103,160451,卖盘
863,10:13:12,15.58,0.01,46,71617,买盘
864,10:13:16,15.58,0.0,20,31160,买盘
865,10:13:18,15.57,-0.01,72,112104,卖盘
866,10:13:22,15.58,0.01,185,287920,买盘
867,10:13:25,15.56,-0.02,42,65372,卖盘
868,10:13:27,15.56,0.0,137,213382,卖盘
869,10:13:31,15.56,0.0,117,182052,卖盘
870,10:13:33,15.56,0.0,128,199101,买盘
871,10:13:37,15.55,-0.01,45,70005,卖盘
872,10:13:40,15.55,0.0,575,894072,卖盘
873,10:13:42,15.54,-0.01,542,842718,卖盘
874,10:13:46,15.55,0.01,121,187989,买盘
875,10:13:49,15.55,0.0,11,17105,买盘
876,10:13:51,15.53,-0.02,38,59014,卖盘
877,10:13:55,15.55,0.02,62,96398,买盘
878,10:13:58,15.53,-0.02,270,419971,卖盘
879,10:14:01,15.54,0.01,42,65264,买盘
880,10:14:05,15.54,0.0,37,57498,买盘
881,10:14:06,15.54,0.0,27,41958,买盘
882,10:14:10,15.53,-0.01,65,100965,卖盘
883,10:14:13,15.54,0.01,66,101869,卖盘
884,10:14:16,15.54,0.0,18,27972,卖盘
885,10:14:18,15.54,0.0,139,216035,卖盘
886,10:14:22,15.54,0.0,31,48174,卖盘
887,10:14:24,15.55,0.01,47,73071,买盘
888,10:14:27,15.55,0.0,67,104169,买盘
889,10:14:31,15.54,-0.01,238,370080,卖盘
890,10:14:33,15.55,0.01,134,208270,买盘
891,10:14:37,15.54,-0.01,19,29534,卖盘
892,10:14:40,15.55,0.01,61,94855,买盘
893,10:14:43,15.54,-0.01,45,69939,卖盘
894,10:14:46,15.55,0.01,53,82415,买盘
895,10:14:49,15.55,0.0,24,37320,买盘
896,10:14:52,15.55,0.0,14,21770,买盘
897,10:14:55,15.55,0.0,34,53316,卖盘
898,10:14:57,15.55,0.0,37,57535,卖盘
899,10:15:01,15.55,0.0,168,261240,卖盘
900,10:15:04,15.54,-0.01,51,79304,卖盘
901,10:15:07,15.55,0.01,152,236313,买盘
902,10:15:10,15.55,0.0,106,164730,买盘
903,10:15:13,15.55,0.0,7,10885,买盘
904,10:15:16,15.55,0.0,60,93245,买盘
905,10:15:19,15.55,0.0,40,62190,买盘
906,10:15:21,15.55,0.0,131,203676,买盘
907,10:15:25,15.54,-0.01,25,38850,卖盘
908,10:15:28,15.54,0.0,415,645138,卖盘
909,10:15:30,15.55,0.01,12,18651,中性盘
910,10:15:34,15.55,0.0,42,65310,卖盘
911,10:15:37,15.55,0.0,10,15550,卖盘
912,10:15:40,15.56,0.01,45,70020,买盘
913,10:15:43,15.55,-0.01,6,9330,卖盘
914,10:15:46,15.55,0.0,10,15558,卖盘
915,10:15:49,15.56,0.01,235,365550,买盘
916,10:15:52,15.55,-0.01,59,91745,卖盘
917,10:15:55,15.55,0.0,7,10888,卖盘
918,10:15:58,15.55,0.0,61,94856,卖盘
919,10:16:01,15.55,0.0,1,1555,卖盘
920,10:16:05,15.55,0.0,51,79305,卖盘
921,10:16:06,15.56,0.01,75,116681,买盘
922,10:16:10,15.56,0.0,200,311125,买盘
923,10:16:12,15.57,0.01,7,10894,买盘
924,10:16:16,15.56,-0.01,21,33127,卖盘
925,10:16:19,15.56,0.0,20,31120,卖盘
926,10:16:22,15.56,0.0,297,461673,卖盘
927,10:16:25,15.55,-0.01,76,118248,卖盘
928,10:16:28,15.55,0.0,388,603360,卖盘
929,10:16:30,15.55,0.0,122,189782,卖盘
930,10:16:34,15.55,0.0,58,90190,买盘
931,10:16:37,15.55,0.0,71,110416,卖盘
932,10:16:40,15.55,0.0,142,220730,卖盘
933,10:16:42,15.55,0.0,104,161640,中性盘
934,10:16:46,15.55,0.0,190,295452,卖盘
935,10:16:49,15.54,-0.01,39,60644,卖盘
936,10:16:52,15.56,0.02,104,161754,买盘
937,10:16:55,15.54,-0.02,52,80808,卖盘
938,10:16:58,15.55,0.01,279,433620,买盘
939,10:17:01,15.55,0.0,21,32203,卖盘
940,10:17:04,15.55,0.0,10,15550,买盘
941,10:17:07,15.55,0.0,2,3110,买盘
942,10:17:10,15.54,-0.01,4,6216,卖盘
943,10:17:13,15.55,0.01,21,32655,买盘
944,10:17:19,15.54,-0.01,223,346547,卖盘
945,10:17:22,15.54,0.0,13,20202,买盘
946,10:17:25,15.54,0.0,4,6216,买盘
947,10:17:28,15.54,0.0,8,12432,买盘
948,10:17:31,15.54,0.0,27,42066,买盘
949,10:17:34,15.53,-0.01,117,181801,卖盘
950,10:17:37,15.53,0.0,43,66784,卖盘
951,10:17:40,15.54,0.01,17,26408,买盘
952,10:17:43,15.53,-0.01,73,113370,卖盘
953,10:17:46,15.54,0.01,36,55941,买盘
954,10:17:49,15.54,0.0,16,24864,买盘
955,10:17:52,15.53,-0.01,213,330808,卖盘
956,10:17:54,15.54,0.01,39,60594,买盘
957,10:17:58,15.53,-0.01,41,63679,卖盘
958,10:18:01,15.54,0.01,135,209738,买盘
959,10:18:04,15.54,0.0,110,170838,买盘
960,10:18:06,15.54,0.0,19,29522,买盘
961,10:18:10,15.53,-0.01,665,1033273,卖盘
962,10:18:13,15.53,0.0,181,281093,买盘
963,10:18:16,15.53,0.0,26,40378,买盘
964,10:18:19,15.53,0.0,818,1269567,买盘
965,10:18:21,15.53,0.0,74,114912,买盘
966,10:18:25,15.53,0.0,14,21729,买盘
967,10:18:28,15.52,-0.01,139,215728,中性盘
968,10:18:30,15.51,-0.01,1353,2098503,卖盘
969,10:18:34,15.51,0.0,23,35681,卖盘
970,10:18:36,15.51,0.0,12,18612,买盘
971,10:18:39,15.51,0.0,3,4653,买盘
972,10:18:43,15.5,-0.01,196,303952,卖盘
973,10:18:46,15.5,0.0,70,108534,卖盘
974,10:18:49,15.5,0.0,175,271308,卖盘
975,10:18:51,15.49,-0.01,1460,2262592,卖盘
976,10:18:55,15.49,0.0,40,61960,买盘
977,10:18:58,15.48,-0.01,17,26320,卖盘
978,10:19:01,15.49,0.01,30,46458,买盘
979,10:19:04,15.49,0.0,70,108400,买盘
980,10:19:06,15.49,0.0,393,608366,买盘
981,10:19:10,15.49,0.0,73,113064,买盘
982,10:19:13,15.49,0.0,237,367026,买盘
983,10:19:16,15.48,-0.01,26,40249,卖盘
984,10:19:19,15.49,0.01,981,1519537,买盘
985,10:19:22,15.48,-0.01,176,272587,卖盘
986,10:19:25,15.48,0.0,53,82083,卖盘
987,10:19:28,15.49,0.01,20,30980,卖盘
988,10:19:31,15.49,0.0,201,311506,卖盘
989,10:19:34,15.49,0.0,52,80553,卖盘
990,10:19:36,15.5,0.01,16,24788,中性盘
991,10:19:43,15.5,0.0,4,6200,卖盘
992,10:19:46,15.5,0.0,126,195309,卖盘
993,10:19:49,15.51,0.01,137,212470,买盘
994,10:19:51,15.51,0.0,16,24811,买盘
995,10:19:55,15.5,-0.01,35,54264,卖盘
996,10:19:58,15.51,0.01,160,248139,买盘
997,10:20:01,15.5,-0.01,28,43420,卖盘
998,10:20:04,15.51,0.01,36,55835,买盘
999,10:20:07,15.51,0.0,30,46525,买盘
1000,10:20:12,15.51,0.0,391,606456,买盘
1001,10:20:16,15.51,0.0,76,117863,卖盘
1002,10:20:19,15.48,-0.03,3049,4721291,卖盘
1003,10:20:22,15.47,-0.01,562,869567,卖盘
1004,10:20:25,15.47,0.0,159,245973,买盘
1005,10:20:28,15.47,0.0,336,519782,买盘
1006,10:20:30,15.47,0.0,301,465731,卖盘
1007,10:20:34,15.47,0.0,40,61885,卖盘
1008,10:20:37,15.46,-0.01,290,448524,卖盘
1009,10:20:40,15.48,0.02,159,245926,中性盘
1010,10:20:43,15.48,0.0,3,4644,卖盘
1011,10:20:46,15.48,0.0,144,222912,卖盘
1012,10:20:49,15.48,0.0,114,176482,卖盘
1013,10:20:52,15.47,-0.01,87,134601,卖盘
1014,10:20:54,15.46,-0.01,121,187274,卖盘
1015,10:20:57,15.47,0.01,10,15474,中性盘
1016,10:21:01,15.46,-0.01,204,315388,卖盘
1017,10:21:04,15.46,0.0,204,315484,卖盘
1018,10:21:07,15.46,0.0,61,94268,买盘
1019,10:21:10,15.46,0.0,222,343192,买盘
1020,10:21:13,15.46,0.0,155,239626,买盘
1021,10:21:15,15.46,0.0,234,361764,买盘
1022,10:21:19,15.46,0.0,125,193250,卖盘
1023,10:21:21,15.46,0.0,1,1546,中性盘
1024,10:21:25,15.46,0.0,12,18550,卖盘
1025,10:21:28,15.46,0.0,23,35558,买盘
1026,10:21:30,15.45,-0.01,44,68015,卖盘
1027,10:21:34,15.46,0.01,334,516063,买盘
1028,10:21:37,15.45,-0.01,54,83496,卖盘
1029,10:21:40,15.45,0.0,242,373910,卖盘
1030,10:21:43,15.46,0.01,39,60288,买盘
1031,10:21:46,15.46,0.0,379,585603,买盘
1032,10:21:48,15.45,-0.01,179,276681,卖盘
1033,10:21:52,15.45,0.0,39,60279,买盘
1034,10:21:55,15.45,0.0,29,44805,买盘
1035,10:21:58,15.45,0.0,96,148294,卖盘
1036,10:22:01,15.45,0.0,101,156047,卖盘
1037,10:22:04,15.45,0.0,48,74160,卖盘
1038,10:22:07,15.45,0.0,158,244110,卖盘
1039,10:22:10,15.45,0.0,134,207045,卖盘
1040,10:22:13,15.45,0.0,203,313651,卖盘
1041,10:22:16,15.45,0.0,662,1022300,卖盘
1042,10:22:18,15.45,0.0,123,190035,卖盘
1043,10:22:21,15.46,0.01,40,61820,买盘
1044,10:22:25,15.45,-0.01,14,21630,卖盘
1045,10:22:27,15.45,0.0,24,37083,卖盘
1046,10:22:31,15.46,0.01,63,97356,买盘
1047,10:22:34,15.45,-0.01,96,148320,卖盘
1048,10:22:37,15.45,0.0,46,71070,卖盘
1049,10:22:40,15.45,0.0,46,71086,卖盘
1050,10:22:43,15.45,0.0,73,112797,卖盘
1051,10:22:46,15.45,0.0,37,57169,卖盘
1052,10:22:49,15.45,0.0,126,194671,卖盘
1053,10:22:52,15.45,0.0,78,120510,卖盘
1054,10:22:55,15.45,0.0,109,168407,卖盘
1055,10:22:58,15.45,0.0,74,114342,卖盘
1056,10:23:01,15.46,0.01,75,115888,买盘
1057,10:23:04,15.45,-0.01,40,61800,卖盘
1058,10:23:07,15.45,0.0,52,80340,买盘
1059,10:23:10,15.45,0.0,7,10815,买盘
1060,10:23:12,15.45,0.0,56,86515,买盘
1061,10:23:16,15.45,0.0,69,106564,买盘
1062,10:23:19,15.44,-0.01,69,106581,卖盘
1063,10:23:22,15.44,0.0,319,492794,卖盘
1064,10:23:25,15.44,0.0,63,97324,卖盘
1065,10:23:28,15.45,0.01,50,77202,买盘
1066,10:23:31,15.45,0.0,39,60255,买盘
1067,10:23:33,15.45,0.0,171,264091,买盘
1068,10:23:37,15.45,0.0,178,274878,买盘
1069,10:23:40,15.45,0.0,5,7725,买盘
1070,10:23:43,15.45,0.0,31,47865,买盘
1071,10:23:46,15.45,0.0,85,131265,买盘
1072,10:23:49,15.45,0.0,146,225555,买盘
1073,10:23:52,15.45,0.0,299,461969,买盘
1074,10:23:55,15.46,0.01,50,77300,买盘
1075,10:23:58,15.45,-0.01,176,271920,卖盘
1076,10:24:01,15.44,-0.01,117,180670,卖盘
1077,10:24:04,15.45,0.01,16,24720,中性盘
1078,10:24:06,15.46,0.01,146,225557,买盘
1079,10:24:10,15.44,-0.02,93,143608,卖盘
1080,10:24:13,15.45,0.01,31,47895,买盘
1081,10:24:16,15.45,0.0,39,60255,买盘
1082,10:24:19,15.44,-0.01,299,461660,卖盘
1083,10:24:22,15.44,0.0,150,231612,卖盘
1084,10:24:25,15.46,0.02,267,412616,买盘
1085,10:24:28,15.45,-0.01,193,298101,卖盘
1086,10:24:31,15.45,0.0,22,33992,卖盘
1087,10:24:33,15.45,0.0,15,23175,卖盘
1088,10:24:37,15.45,0.0,91,140666,卖盘
1089,10:24:40,15.45,0.0,243,375653,卖盘
1090,10:24:43,15.45,0.0,19,29357,卖盘
1091,10:24:46,15.46,0.01,18,27824,中性盘
1092,10:24:49,15.46,0.0,34,52564,卖盘
1093,10:24:52,15.47,0.01,139,214842,买盘
1094,10:24:55,15.46,-0.01,8,12371,卖盘
1095,10:24:58,15.47,0.01,27,41747,买盘
1096,10:25:01,15.46,-0.01,194,300042,卖盘
1097,10:25:04,15.46,0.0,162,250513,买盘
1098,10:25:07,15.46,0.0,33,51018,卖盘
1099,10:25:10,15.46,0.0,41,63384,买盘
1100,10:25:13,15.46,0.0,80,123680,买盘
1101,10:25:16,15.47,0.01,11,17012,买盘
1102,10:25:19,15.46,-0.01,153,236515,卖盘
1103,10:25:21,15.47,0.01,250,386402,买盘
1104,10:25:25,15.47,0.0,34,52555,买盘
1105,10:25:27,15.46,-0.01,56,86604,中性盘
1106,10:25:31,15.47,0.01,177,273813,买盘
1107,10:25:34,15.47,0.0,21,32487,买盘
1108,10:25:36,15.46,-0.01,162,250460,卖盘
1109,10:25:40,15.47,0.01,84,129946,买盘
1110,10:25:42,15.47,0.0,48,74256,买盘
1111,10:25:46,15.46,-0.01,42,64964,卖盘
1112,10:25:48,15.47,0.01,42,64968,买盘
1113,10:25:51,15.48,0.01,49,75813,买盘
1114,10:25:55,15.47,-0.01,205,316966,卖盘
1115,10:26:01,15.45,-0.02,564,871892,卖盘
1116,10:26:04,15.46,0.01,253,390938,中性盘
1117,10:26:07,15.46,0.0,5,7730,买盘
1118,10:26:10,15.46,0.0,63,97393,买盘
1119,10:26:13,15.46,0.0,59,91173,买盘
1120,10:26:15,15.46,0.0,198,305924,买盘
1121,10:26:19,15.45,-0.01,13,20085,卖盘
1122,10:26:21,15.46,0.01,255,394216,买盘
1123,10:26:25,15.45,-0.01,94,145323,卖盘
1124,10:26:27,15.45,0.0,28,43284,卖盘
1125,10:26:30,15.46,0.01,148,228715,买盘
1126,10:26:34,15.46,0.0,35,54109,买盘
1127,10:26:37,15.45,-0.01,226,349261,卖盘
1128,10:26:40,15.46,0.01,191,295394,卖盘
1129,10:26:43,15.46,0.0,5,7730,买盘
1130,10:26:46,15.46,0.0,10,15460,买盘
1131,10:26:48,15.46,0.0,70,108200,买盘
1132,10:26:52,15.46,0.0,57,88118,买盘
1133,10:26:54,15.46,0.0,94,145324,买盘
1134,10:26:58,15.46,0.0,37,57202,卖盘
1135,10:27:01,15.47,0.01,14,21646,买盘
1136,10:27:04,15.46,-0.01,38,58748,卖盘
1137,10:27:07,15.47,0.01,164,253591,买盘
1138,10:27:10,15.47,0.0,30,46409,买盘
1139,10:27:12,15.46,-0.01,42,64943,卖盘
1140,10:27:15,15.47,0.01,4,6188,买盘
1141,10:27:19,15.46,-0.01,2,3092,卖盘
1142,10:27:22,15.46,0.0,2,3092,卖盘
1143,10:27:25,15.47,0.01,210,324667,买盘
1144,10:27:27,15.46,-0.01,186,287563,卖盘
1145,10:27:30,15.46,0.0,14,21644,买盘
1146,10:27:34,15.46,0.0,25,38644,买盘
1147,10:27:37,15.46,0.0,25,38650,买盘
1148,10:27:40,15.45,-0.01,833,1287037,卖盘
1149,10:27:42,15.45,0.0,49,75705,买盘
1150,10:27:46,15.45,0.0,15,23171,买盘
1151,10:27:49,15.45,0.0,48,74146,买盘
1152,10:27:52,15.45,0.0,65,100425,买盘
1153,10:27:55,15.44,-0.01,278,429505,卖盘
1154,10:27:58,15.44,0.0,92,142048,卖盘
1155,10:28:01,15.45,0.01,120,185390,买盘
1156,10:28:04,15.45,0.0,12,18530,买盘
1157,10:28:06,15.44,-0.01,13,20075,卖盘
1158,10:28:10,15.45,0.01,63,97327,买盘
1159,10:28:13,15.44,-0.01,60,92690,卖盘
1160,10:28:15,15.44,0.0,51,78794,卖盘
1161,10:28:19,15.45,0.01,20,30900,买盘
1162,10:28:22,15.45,0.0,184,284176,买盘
1163,10:28:25,15.45,0.0,40,61799,买盘
1164,10:28:28,15.45,0.0,158,243956,买盘
1165,10:28:31,15.44,-0.01,30,46347,卖盘
1166,10:28:34,15.45,0.01,7,10815,买盘
1167,10:28:37,15.45,0.0,81,125093,买盘
1168,10:28:40,15.45,0.0,114,176020,买盘
1169,10:28:43,15.44,-0.01,264,407675,卖盘
1170,10:28:45,15.44,0.0,210,324244,卖盘
1171,10:28:49,15.44,0.0,452,697891,卖盘
1172,10:28:52,15.44,0.0,358,552452,买盘
1173,10:28:55,15.45,0.01,633,977635,买盘
1174,10:28:58,15.43,-0.02,378,583336,卖盘
1175,10:29:01,15.44,0.01,9,13896,卖盘
1176,10:29:04,15.43,-0.01,68,104964,卖盘
1177,10:29:07,15.43,0.0,76,117286,卖盘
1178,10:29:09,15.43,0.0,95,146138,卖盘
1179,10:29:13,15.45,0.02,510,787699,买盘
1180,10:29:15,15.44,-0.01,27,41688,卖盘
1181,10:29:19,15.44,0.0,50,77200,卖盘
1182,10:29:22,15.44,0.0,7,10808,卖盘
1183,10:29:24,15.45,0.01,441,681051,买盘
1184,10:29:28,15.44,-0.01,385,594113,卖盘
1185,10:29:31,15.44,0.0,127,196088,买盘
1186,10:29:34,15.44,0.0,67,103442,买盘
1187,10:29:37,15.44,0.0,50,77198,买盘
1188,10:29:40,15.43,-0.01,223,344240,卖盘
1189,10:29:42,15.44,0.01,117,181086,买盘
1190,10:29:45,15.44,0.0,33,50962,卖盘
1191,10:29:49,15.45,0.01,49,75700,买盘
1192,10:29:52,15.45,0.0,100,154453,买盘
1193,10:29:55,15.45,0.0,85,131282,买盘
1194,10:29:57,15.45,0.0,196,302820,买盘
1195,10:30:01,15.46,0.01,31,47901,买盘
1196,10:30:04,15.45,-0.01,15,23185,卖盘
1197,10:30:07,15.46,0.01,137,211767,买盘
1198,10:30:10,15.45,-0.01,935,1444993,卖盘
1199,10:30:13,15.46,0.01,550,850270,买盘
1200,10:30:16,15.46,0.0,42,64321,卖盘
1201,10:30:18,15.46,0.0,30,46380,卖盘
1202,10:30:22,15.46,0.0,65,100510,卖盘
1203,10:30:25,15.46,0.0,128,198566,卖盘
1204,10:30:28,15.46,0.0,118,182428,买盘
1205,10:30:30,15.47,0.01,216,334020,买盘
1206,10:30:34,15.46,-0.01,23,35558,卖盘
1207,10:30:37,15.47,0.01,123,190149,买盘
1208,10:30:40,15.46,-0.01,118,182448,卖盘
1209,10:30:43,15.47,0.01,66,102044,买盘
1210,10:30:46,15.47,0.0,28,43290,买盘
1211,10:30:49,15.46,-0.01,140,216503,卖盘
1212,10:30:52,15.47,0.01,97,150033,买盘
1213,10:30:54,15.46,-0.01,104,160804,卖盘
1214,10:30:57,15.46,0.0,396,612237,卖盘
1215,10:31:01,15.46,0.0,75,115950,买盘
1216,10:31:05,15.45,-0.01,437,675225,卖盘
1217,10:31:06,15.45,0.0,16,24720,买盘
1218,10:31:13,15.45,0.0,16,24715,买盘
1219,10:31:16,15.44,-0.01,29,44776,卖盘
1220,10:31:18,15.44,0.0,307,474021,卖盘
1221,10:31:21,15.44,0.0,17,26248,买盘
1222,10:31:25,15.44,0.0,44,67936,买盘
1223,10:31:28,15.44,0.0,181,279456,买盘
1224,10:31:30,15.44,0.0,125,193000,卖盘
1225,10:31:34,15.45,0.01,165,254913,买盘
1226,10:31:37,15.45,0.0,3,4635,中性盘
1227,10:31:40,15.45,0.0,324,500695,卖盘
1228,10:31:43,15.45,0.0,187,289731,卖盘
1229,10:31:46,15.45,0.0,202,311390,卖盘
1230,10:31:49,15.45,0.0,98,151410,买盘
1231,10:31:52,15.46,0.01,34,53267,买盘
1232,10:31:54,15.46,0.0,187,289077,买盘
1233,10:31:57,15.46,0.0,98,151487,买盘
1234,10:32:01,15.46,0.0,16,24736,卖盘
1235,10:32:04,15.46,0.0,151,233580,卖盘
1236,10:32:07,15.46,0.0,38,58771,卖盘
1237,10:32:12,15.48,0.02,37,57259,买盘
1238,10:32:16,15.47,-0.01,99,153244,卖盘
1239,10:32:19,15.48,0.01,15,23220,买盘
1240,10:32:22,15.48,0.0,19,29403,买盘
1241,10:32:24,15.48,0.0,28,43344,买盘
1242,10:32:28,15.48,0.0,134,207425,买盘
1243,10:32:31,15.48,0.0,48,72885,买盘
1244,10:32:34,15.48,0.0,13,20124,买盘
1245,10:32:37,15.49,0.01,206,318889,买盘
1246,10:32:39,15.48,-0.01,78,120779,卖盘
1247,10:32:42,15.49,0.01,60,92934,买盘
1248,10:32:45,15.49,0.0,56,86709,买盘
1249,10:32:49,15.49,0.0,206,319092,买盘
1250,10:32:52,15.49,0.0,28,43372,买盘
1251,10:32:57,15.49,0.0,646,1001384,卖盘
1252,10:33:01,15.51,0.02,70,108464,中性盘
1253,10:33:05,15.5,-0.01,184,285052,中性盘
1254,10:33:06,15.5,0.0,188,291498,卖盘
1255,10:33:10,15.51,0.01,12,18605,买盘
1256,10:33:13,15.51,0.0,7,10855,买盘
1257,10:33:16,15.5,-0.01,390,604873,卖盘
1258,10:33:18,15.51,0.01,112,173666,买盘
1259,10:33:22,15.5,-0.01,78,120888,中性盘
1260,10:33:25,15.51,0.01,56,86855,买盘
1261,10:33:28,15.51,0.0,78,120978,卖盘
1262,10:33:30,15.5,-0.01,20,31000,卖盘
1263,10:33:34,15.5,0.0,114,176682,卖盘
1264,10:33:37,15.5,0.0,27,41853,卖盘
1265,10:33:40,15.49,-0.01,73,113119,卖盘
1266,10:33:42,15.5,0.01,63,97629,买盘
1267,10:33:46,15.5,0.0,238,368761,买盘
1268,10:33:49,15.51,0.01,191,296051,买盘
1269,10:33:51,15.51,0.0,206,319247,买盘
1270,10:33:55,15.5,-0.01,106,164279,中性盘
1271,10:33:58,15.51,0.01,269,417126,买盘
1272,10:34:01,15.51,0.0,2467,3831092,买盘
1273,10:34:04,15.51,0.0,26,40326,卖盘
1274,10:34:07,15.54,0.03,36,55928,买盘
1275,10:34:10,15.51,-0.03,70,108641,卖盘
1276,10:34:12,15.52,0.01,74,114848,买盘
1277,10:34:16,15.55,0.03,61,94777,买盘
1278,10:34:19,15.53,-0.02,2,3106,卖盘
1279,10:34:21,15.53,0.0,84,130454,卖盘
1280,10:34:25,15.53,0.0,115,178595,买盘
1281,10:34:28,15.54,0.01,63,97899,买盘
1282,10:34:31,15.54,0.0,101,157025,买盘
1283,10:34:34,15.55,0.01,45,69940,买盘
1284,10:34:37,15.55,0.0,108,167858,买盘
1285,10:34:40,15.54,-0.01,118,183394,卖盘
1286,10:34:43,15.55,0.01,259,402512,买盘
1287,10:34:45,15.54,-0.01,60,93270,中性盘
1288,10:34:49,15.54,0.0,194,301603,买盘
1289,10:34:52,15.54,0.0,166,258069,卖盘
1290,10:34:55,15.53,-0.01,387,601031,卖盘
1291,10:34:58,15.53,0.0,163,253139,买盘
1292,10:35:01,15.53,0.0,134,208173,卖盘
1293,10:35:06,15.52,-0.01,10,15520,卖盘
1294,10:35:09,15.52,0.0,149,231248,卖盘
1295,10:35:13,15.54,0.02,133,206514,买盘
1296,10:35:16,15.52,-0.02,17,26379,买盘
1297,10:35:19,15.52,0.0,9,13968,卖盘
1298,10:35:22,15.53,0.01,174,270076,买盘
1299,10:35:25,15.53,0.0,116,180039,买盘
1300,10:35:28,15.52,-0.01,153,237477,卖盘
1301,10:35:31,15.53,0.01,225,349211,买盘
1302,10:35:34,15.51,-0.02,63,97735,卖盘
1303,10:35:37,15.51,0.0,41,63632,卖盘
1304,10:35:40,15.51,0.0,45,69816,卖盘
1305,10:35:43,15.51,0.0,362,561477,卖盘
1306,10:35:46,15.51,0.0,52,80652,买盘
1307,10:35:49,15.5,-0.01,223,345675,卖盘
1308,10:35:52,15.5,0.0,11,17050,买盘
1309,10:35:55,15.5,0.0,9,13950,买盘
1310,10:35:57,15.49,-0.01,56,86745,卖盘
1311,10:36:01,15.49,0.0,10,15490,买盘
1312,10:36:05,15.49,0.0,64,99157,买盘
1313,10:36:07,15.49,0.0,96,148704,卖盘
1314,10:36:09,15.48,-0.01,94,145632,卖盘
1315,10:36:13,15.48,0.0,217,335916,卖盘
1316,10:36:16,15.48,0.0,54,83599,卖盘
1317,10:36:19,15.48,0.0,195,301694,买盘
1318,10:36:21,15.48,0.0,1,1548,卖盘
1319,10:36:24,15.47,-0.01,32,49546,卖盘
1320,10:36:27,15.48,0.01,13,20122,买盘
1321,10:36:31,15.49,0.01,42,65036,买盘
1322,10:36:34,15.49,0.0,10,15490,买盘
1323,10:36:36,15.49,0.0,40,61940,买盘
1324,10:36:40,15.49,0.0,23,35627,卖盘
1325,10:36:43,15.45,-0.04,735,1136961,卖盘
1326,10:36:46,15.46,0.01,96,148414,中性盘
1327,10:36:48,15.46,0.0,22,33993,买盘
1328,10:36:52,15.46,0.0,23,35558,买盘
1329,10:36:55,15.45,-0.01,39,60286,卖盘
1330,10:36:58,15.46,0.01,53,81988,中性盘
1331,10:37:01,15.46,0.0,81,125236,卖盘
1332,10:37:05,15.45,-0.01,36,55633,卖盘
1333,10:37:07,15.45,0.0,965,1491087,卖盘
1334,10:37:09,15.45,0.0,111,172435,买盘
1335,10:37:13,15.44,-0.01,28,42428,卖盘
1336,10:37:16,15.47,0.03,2,3094,买盘
1337,10:37:19,15.47,0.0,2,3094,买盘
1338,10:37:22,15.47,0.0,16,24752,买盘
1339,10:37:24,15.47,0.0,170,262843,买盘
1340,10:37:28,15.47,0.0,10,15469,买盘
1341,10:37:31,15.47,0.0,56,86632,卖盘
1342,10:37:34,15.47,0.0,11,17020,卖盘
1343,10:37:37,15.47,0.0,49,75814,卖盘
1344,10:37:40,15.47,0.0,12,18574,卖盘
1345,10:37:43,15.48,0.01,109,168661,买盘
1346,10:37:46,15.47,-0.01,47,72709,卖盘
1347,10:37:49,15.47,0.0,61,94367,卖盘
1348,10:37:52,15.47,0.0,45,69615,买盘
1349,10:37:54,15.48,0.01,24,37149,买盘
1350,10:37:57,15.47,-0.01,25,38676,卖盘
1351,10:38:01,15.47,0.0,2,3094,卖盘
1352,10:38:05,15.47,0.0,4,6188,卖盘
1353,10:38:07,15.48,0.01,14,21663,买盘
1354,10:38:09,15.48,0.0,9,13932,买盘
1355,10:38:13,15.48,0.0,245,378897,买盘
1356,10:38:16,15.48,0.0,65,100526,买盘
1357,10:38:19,15.48,0.0,44,68088,买盘
1358,10:38:25,15.49,0.01,172,266427,买盘
1359,10:38:28,15.48,-0.01,10,15480,卖盘
1360,10:38:31,15.49,0.01,36,55764,卖盘
1361,10:38:34,15.49,0.0,8,12392,卖盘
1362,10:38:37,15.5,0.01,265,410726,买盘
1363,10:38:40,15.5,0.0,9,13950,买盘
1364,10:38:43,15.5,0.0,13,20150,卖盘
1365,10:38:45,15.5,0.0,2,3100,卖盘
1366,10:38:48,15.51,0.01,5,7755,买盘
1367,10:38:52,15.5,-0.01,5,7750,卖盘
1368,10:38:55,15.5,0.0,10,15500,卖盘
1369,10:38:58,15.51,0.01,12,18612,买盘
1370,10:39:01,15.51,0.0,40,62040,买盘
1371,10:39:05,15.52,0.01,9,13968,买盘
1372,10:39:07,15.51,-0.01,20,31021,卖盘
1373,10:39:10,15.52,0.01,14,21727,买盘
1374,10:39:13,15.52,0.0,18,27936,买盘
1375,10:39:16,15.52,0.0,18,27935,买盘
1376,10:39:18,15.51,-0.01,123,190886,卖盘
1377,10:39:22,15.51,0.0,227,352081,卖盘
1378,10:39:25,15.52,0.01,117,181476,买盘
1379,10:39:28,15.51,-0.01,4,6204,中性盘
1380,10:39:31,15.52,0.01,4,6208,买盘
1381,10:39:34,15.52,0.0,49,76048,买盘
1382,10:39:37,15.51,-0.01,31,48102,卖盘
1383,10:39:39,15.52,0.01,13,20176,买盘
1384,10:39:43,15.51,-0.01,9,13962,卖盘
1385,10:39:46,15.51,0.0,213,330414,卖盘
1386,10:39:49,15.51,0.0,37,57387,买盘
1387,10:39:51,15.51,0.0,36,55836,买盘
1388,10:39:55,15.52,0.01,58,89993,买盘
1389,10:39:58,15.51,-0.01,39,60507,卖盘
1390,10:40:01,15.53,0.02,43,66779,买盘
1391,10:40:05,15.52,-0.01,155,240603,卖盘
1392,10:40:07,15.52,0.0,30,46560,买盘
1393,10:40:10,15.52,0.0,183,284064,买盘
1394,10:40:13,15.53,0.01,91,141280,买盘
1395,10:40:16,15.52,-0.01,41,63688,卖盘
1396,10:40:19,15.54,0.02,25,38849,买盘
1397,10:40:22,15.52,-0.02,117,181642,卖盘
1398,10:40:24,15.54,0.02,509,790509,买盘
1399,10:40:28,15.54,0.0,155,240915,卖盘
1400,10:40:31,15.53,-0.01,291,452216,卖盘
1401,10:40:34,15.53,0.0,85,132040,卖盘
1402,10:40:37,15.52,-0.01,43,66774,卖盘
1403,10:40:40,15.53,0.01,202,313698,买盘
1404,10:40:42,15.53,0.0,169,262379,卖盘
1405,10:40:45,15.52,-0.01,143,222045,卖盘
1406,10:40:49,15.54,0.02,100,155363,买盘
1407,10:40:52,15.53,-0.01,8,12424,买盘
1408,10:40:55,15.53,0.0,82,127346,买盘
1409,10:40:58,15.52,-0.01,185,287132,卖盘
1410,10:41:01,15.52,0.0,29,45008,买盘
1411,10:41:05,15.52,0.0,122,189344,买盘
1412,10:41:07,15.52,0.0,27,41904,买盘
1413,10:41:10,15.51,-0.01,263,407925,卖盘
1414,10:41:13,15.51,0.0,69,107019,买盘
1415,10:41:16,15.5,-0.01,3,4650,卖盘
1416,10:41:18,15.5,0.0,300,465000,卖盘
1417,10:41:22,15.5,0.0,78,120906,卖盘
1418,10:41:25,15.51,0.01,28,43411,买盘
1419,10:41:28,15.5,-0.01,50,77512,卖盘
1420,10:41:31,15.5,0.0,9,13950,卖盘
1421,10:41:34,15.5,0.0,110,170599,买盘
1422,10:41:37,15.49,-0.01,355,549910,卖盘
1423,10:41:40,15.49,0.0,33,51099,买盘
1424,10:41:43,15.5,0.01,404,625873,买盘
1425,10:41:46,15.48,-0.02,1,1548,卖盘
1426,10:41:49,15.49,0.01,14,21673,中性盘
1427,10:41:51,15.49,0.0,202,313098,卖盘
1428,10:41:55,15.48,-0.01,7,10840,卖盘
1429,10:41:58,15.5,0.02,610,944396,买盘
1430,10:42:01,15.49,-0.01,1,1549,买盘
1431,10:42:04,15.49,0.0,41,63509,卖盘
1432,10:42:07,15.49,0.0,12,18588,卖盘
1433,10:42:10,15.48,-0.01,116,179618,卖盘
1434,10:42:13,15.48,0.0,86,133134,卖盘
1435,10:42:16,15.5,0.02,27,41847,买盘
1436,10:42:19,15.49,-0.01,35,54215,卖盘
1437,10:42:22,15.49,0.0,100,154900,买盘
1438,10:42:28,15.49,0.0,60,92990,中性盘
1439,10:42:31,15.49,0.0,196,303484,卖盘
1440,10:42:34,15.49,0.0,78,120822,买盘
1441,10:42:37,15.5,0.01,20,30990,买盘
1442,10:42:40,15.49,-0.01,26,40274,卖盘
1443,10:42:43,15.5,0.01,6,9300,买盘
1444,10:42:46,15.5,0.0,332,514600,买盘
1445,10:42:49,15.48,-0.02,5,7740,卖盘
1446,10:42:52,15.51,0.03,20,31005,买盘
1447,10:42:55,15.48,-0.03,100,154800,卖盘
1448,10:43:01,15.51,0.03,61,94611,买盘
1449,10:43:05,15.51,0.0,7,10857,买盘
1450,10:43:07,15.51,0.0,12,18612,买盘
1451,10:43:13,15.51,0.0,48,74468,卖盘
1452,10:43:16,15.52,0.01,8,12410,买盘
1453,10:43:19,15.51,-0.01,44,68246,卖盘
1454,10:43:22,15.52,0.01,84,130323,买盘
1455,10:43:25,15.51,-0.01,45,69795,卖盘
1456,10:43:27,15.52,0.01,16,24832,买盘
1457,10:43:31,15.51,-0.01,110,170610,卖盘
1458,10:43:34,15.51,0.0,19,29469,买盘
1459,10:43:37,15.51,0.0,101,156672,买盘
1460,10:43:40,15.51,0.0,30,46530,卖盘
1461,10:43:43,15.53,0.02,104,161511,买盘
1462,10:43:46,15.51,-0.02,33,51193,卖盘
1463,10:43:52,15.52,0.01,15,23274,买盘
1464,10:43:55,15.51,-0.01,35,54285,卖盘
1465,10:43:58,15.52,0.01,33,51216,买盘
1466,10:44:01,15.52,0.0,77,119448,买盘
1467,10:44:05,15.52,0.0,1,1552,买盘
1468,10:44:07,15.52,0.0,19,29488,买盘
1469,10:44:10,15.52,0.0,16,24832,买盘
1470,10:44:13,15.52,0.0,22,34144,买盘
1471,10:44:16,15.52,0.0,209,324368,买盘
1472,10:44:19,15.51,-0.01,1,1551,卖盘
1473,10:44:22,15.51,0.0,125,193909,卖盘
1474,10:44:25,15.51,0.0,5,7755,买盘
1475,10:44:31,15.53,0.02,181,280931,买盘
1476,10:44:34,15.51,-0.02,24,37224,卖盘
1477,10:44:37,15.53,0.02,5,7757,买盘
1478,10:44:43,15.53,0.0,97,150548,买盘
1479,10:44:46,15.53,0.0,6,9317,买盘
1480,10:44:52,15.53,0.0,2,3106,买盘
1481,10:44:55,15.52,-0.01,1,1552,买盘
1482,10:44:58,15.52,0.0,111,172272,买盘
1483,10:45:01,15.52,0.0,38,58976,买盘
1484,10:45:07,15.52,0.0,94,145888,买盘
1485,10:45:10,15.52,0.0,75,116400,买盘
1486,10:45:13,15.51,-0.01,317,491702,卖盘
1487,10:45:16,15.52,0.01,15,23280,买盘
1488,10:45:19,15.52,0.0,5,7760,卖盘
1489,10:45:22,15.52,0.0,22,34156,卖盘
1490,10:45:25,15.52,0.0,21,32592,卖盘
1491,10:45:28,15.52,0.0,106,164544,卖盘
1492,10:45:31,15.52,0.0,61,94722,卖盘
1493,10:45:34,15.52,0.0,47,72974,卖盘
1494,10:45:37,15.53,0.01,14,21732,买盘
1495,10:45:43,15.53,0.0,1019,1583703,买盘
1496,10:45:46,15.53,0.0,10,15530,卖盘
1497,10:45:49,15.55,0.02,71,110333,买盘
1498,10:45:52,15.54,-0.01,21,32634,卖盘
1499,10:45:55,15.54,0.0,37,57504,卖盘
1500,10:45:58,15.54,0.0,38,59052,买盘
1501,10:46:01,15.55,0.01,29,45080,买盘
1502,10:46:04,15.54,-0.01,78,121269,卖盘
1503,10:46:07,15.55,0.01,46,71529,买盘
1504,10:46:10,15.54,-0.01,33,51282,卖盘
1505,10:46:13,15.54,0.0,21,32647,卖盘
1506,10:46:16,15.55,0.01,18,27978,买盘
1507,10:46:19,15.55,0.0,99,153945,买盘
1508,10:46:22,15.54,-0.01,96,149278,卖盘
1509,10:46:25,15.55,0.01,3,4665,买盘
1510,10:46:28,15.54,-0.01,57,88617,卖盘
1511,10:46:30,15.54,0.0,31,48189,卖盘
1512,10:46:37,15.55,0.01,146,227013,买盘
1513,10:46:40,15.55,0.0,31,48195,买盘
1514,10:46:43,15.55,0.0,379,589145,买盘
1515,10:46:46,15.54,-0.01,25,38862,卖盘
1516,10:46:49,15.54,0.0,69,107287,卖盘
1517,10:46:52,15.53,-0.01,87,135162,卖盘
1518,10:46:55,15.54,0.01,91,141414,买盘
1519,10:46:58,15.54,0.0,4,6216,买盘
1520,10:47:01,15.54,0.0,20,31080,买盘
1521,10:47:04,15.54,0.0,13,20202,买盘
1522,10:47:07,15.53,-0.01,41,63682,卖盘
1523,10:47:10,15.53,0.0,1,1553,卖盘
1524,10:47:13,15.55,0.02,53,82364,买盘
1525,10:47:16,15.54,-0.01,196,304584,卖盘
1526,10:47:19,15.54,0.0,70,108780,卖盘
1527,10:47:22,15.54,0.0,18,27972,卖盘
1528,10:47:25,15.54,0.0,39,60626,卖盘
1529,10:47:28,15.54,0.0,31,48178,卖盘
1530,10:47:31,15.54,0.0,9,13989,卖盘
1531,10:47:34,15.54,0.0,26,40404,卖盘
1532,10:47:37,15.54,0.0,63,97909,卖盘
1533,10:47:40,15.54,0.0,38,59052,卖盘
1534,10:47:43,15.54,0.0,26,40421,卖盘
1535,10:47:46,15.55,0.01,21,32646,买盘
1536,10:47:49,15.54,-0.01,49,76194,卖盘
1537,10:47:55,15.54,0.0,104,161617,卖盘
1538,10:47:58,15.54,0.0,161,250209,卖盘
1539,10:48:01,15.55,0.01,15,23313,买盘
1540,10:48:05,15.54,-0.01,1,1554,中性盘
1541,10:48:07,15.54,0.0,2,3108,买盘
1542,10:48:10,15.54,0.0,233,362082,买盘
1543,10:48:13,15.55,0.01,312,485152,买盘
1544,10:48:16,15.55,0.0,404,628216,买盘
1545,10:48:19,15.55,0.0,2771,4311194,买盘
1546,10:48:21,15.54,-0.01,20,31092,卖盘
1547,10:48:25,15.55,0.01,22,34210,买盘
1548,10:48:28,15.54,-0.01,10,15545,卖盘
1549,10:48:31,15.58,0.04,10,15580,买盘
1550,10:48:34,15.58,0.0,50,77900,买盘
1551,10:48:37,15.58,0.0,8,12458,买盘
1552,10:48:40,15.58,0.0,80,124628,买盘
1553,10:48:43,15.58,0.0,31,48294,买盘
1554,10:48:46,15.58,0.0,183,285016,买盘
1555,10:48:49,15.59,0.01,102,158927,买盘
1556,10:48:52,15.58,-0.01,32,49866,卖盘
1557,10:48:55,15.59,0.01,63,98158,买盘
1558,10:48:58,15.57,-0.02,101,157377,卖盘
1559,10:49:01,15.59,0.02,1598,2492787,买盘
1560,10:49:04,15.59,0.0,60,93540,卖盘
1561,10:49:07,15.6,0.01,604,941707,买盘
1562,10:49:10,15.6,0.0,234,364923,买盘
1563,10:49:13,15.6,0.0,638,994926,买盘
1564,10:49:16,15.6,0.0,746,1162651,买盘
1565,10:49:18,15.6,0.0,503,784562,买盘
1566,10:49:22,15.6,0.0,198,308834,买盘
1567,10:49:24,15.59,-0.01,107,166853,卖盘
1568,10:49:28,15.59,0.0,304,473936,买盘
1569,10:49:31,15.59,0.0,196,305628,卖盘
1570,10:49:34,15.59,0.0,67,104453,卖盘
1571,10:49:37,15.59,0.0,135,210530,卖盘
1572,10:49:40,15.59,0.0,224,349227,卖盘
1573,10:49:43,15.59,0.0,60,93567,买盘
1574,10:49:46,15.59,0.0,119,185488,买盘
1575,10:49:49,15.58,-0.01,12,18700,卖盘
1576,10:49:52,15.6,0.02,582,907340,买盘
1577,10:49:55,15.59,-0.01,51,79535,买盘
1578,10:49:58,15.59,0.0,31,48329,卖盘
1579,10:50:01,15.59,0.0,43,67052,买盘
1580,10:50:05,15.59,0.0,117,182405,卖盘
1581,10:50:07,15.59,0.0,88,137222,卖盘
1582,10:50:10,15.59,0.0,757,1180564,卖盘
1583,10:50:13,15.59,0.0,175,272825,买盘
1584,10:50:16,15.59,0.0,102,158992,买盘
1585,10:50:19,15.59,0.0,111,173054,卖盘
1586,10:50:22,15.58,-0.01,247,384944,卖盘
1587,10:50:25,15.59,0.01,24,37416,买盘
1588,10:50:28,15.58,-0.01,1,1558,卖盘
1589,10:50:31,15.59,0.01,37,57677,买盘
1590,10:50:34,15.59,0.0,71,110687,买盘
1591,10:50:37,15.58,-0.01,147,229171,卖盘
1592,10:50:40,15.59,0.01,11,17148,买盘
1593,10:50:43,15.58,-0.01,181,282135,卖盘
1594,10:50:46,15.58,0.0,131,204198,卖盘
1595,10:50:49,15.58,0.0,176,274268,卖盘
1596,10:50:52,15.58,0.0,339,528162,卖盘
1597,10:50:55,15.58,0.0,297,462874,卖盘
1598,10:50:58,15.58,0.0,55,85690,买盘
1599,10:51:01,15.58,0.0,36,56082,买盘
1600,10:51:04,15.55,-0.03,417,648926,卖盘
1601,10:51:10,15.54,-0.01,117,181898,卖盘
1602,10:51:13,15.55,0.01,29,45075,买盘
1603,10:51:16,15.54,-0.01,109,169387,卖盘
1604,10:51:19,15.55,0.01,26,40411,买盘
1605,10:51:21,15.55,0.0,21,32655,买盘
1606,10:51:25,15.55,0.0,5,7775,卖盘
1607,10:51:28,15.55,0.0,129,200566,卖盘
1608,10:51:31,15.55,0.0,10,15550,卖盘
1609,10:51:34,15.55,0.0,157,244237,卖盘
1610,10:51:37,15.55,0.0,137,213046,买盘
1611,10:51:40,15.55,0.0,9,13995,卖盘
1612,10:51:43,15.57,0.02,147,228829,买盘
1613,10:51:46,15.56,-0.01,9,14003,卖盘
1614,10:51:49,15.56,0.0,10,15560,卖盘
1615,10:51:52,15.56,0.0,1,1556,卖盘
1616,10:51:55,15.56,0.0,6,9340,卖盘
1617,10:51:58,15.57,0.01,641,997160,买盘
1618,10:52:01,15.57,0.0,5,7785,卖盘
1619,10:52:05,15.58,0.01,191,297578,买盘
1620,10:52:07,15.57,-0.01,32,49854,卖盘
1621,10:52:10,15.58,0.01,1051,1638185,买盘
1622,10:52:12,15.59,0.01,192,299320,买盘
1623,10:52:16,15.59,0.0,185,289194,买盘
1624,10:52:19,15.59,0.0,9,14032,卖盘
1625,10:52:22,15.59,0.0,56,87304,卖盘
1626,10:52:25,15.6,0.01,879,1370734,买盘
1627,10:52:28,15.59,-0.01,180,280712,中性盘
1628,10:52:31,15.6,0.01,186,290072,买盘
1629,10:52:34,15.58,-0.02,31,48328,卖盘
1630,10:52:37,15.59,0.01,25,38982,买盘
1631,10:52:39,15.6,0.01,39,60832,买盘
1632,10:52:43,15.59,-0.01,60,93579,卖盘
1633,10:52:46,15.6,0.01,80,124722,买盘
1634,10:52:49,15.59,-0.01,26,40534,卖盘
1635,10:52:52,15.59,0.0,28,43645,买盘
1636,10:52:55,15.59,0.0,32,49888,买盘
1637,10:52:58,15.59,0.0,57,88817,买盘
1638,10:53:01,15.58,-0.01,180,279707,卖盘
1639,10:53:05,15.57,-0.01,30,46713,卖盘
1640,10:53:07,15.58,0.01,5,7790,买盘
1641,10:53:10,15.57,-0.01,17,26469,卖盘
1642,10:53:13,15.57,0.0,170,264836,卖盘
1643,10:53:16,15.57,0.0,97,151029,卖盘
1644,10:53:22,15.57,0.0,856,1333448,买盘
1645,10:53:25,15.57,0.0,53,82487,买盘
1646,10:53:28,15.57,0.0,49,76291,买盘
1647,10:53:31,15.56,-0.01,120,186810,中性盘
1648,10:53:34,15.56,0.0,97,150932,买盘
1649,10:53:37,15.57,0.01,26,40461,买盘
1650,10:53:40,15.55,-0.02,195,302895,卖盘
1651,10:53:43,15.55,0.0,92,142641,卖盘
1652,10:53:46,15.56,0.01,178,276863,买盘
1653,10:53:49,15.56,0.0,77,120232,买盘
1654,10:53:52,15.56,0.0,123,191388,卖盘
1655,10:53:55,15.56,0.0,7,10892,卖盘
1656,10:53:58,15.56,0.0,29,45142,卖盘
1657,10:54:01,15.57,0.01,73,113628,买盘
1658,10:54:05,15.57,0.0,114,177474,买盘
1659,10:54:07,15.56,-0.01,33,51348,卖盘
1660,10:54:10,15.57,0.01,66,102752,买盘
1661,10:54:16,15.56,-0.01,26,40466,卖盘
1662,10:54:19,15.56,0.0,75,116771,卖盘
1663,10:54:22,15.56,0.0,132,205497,卖盘
1664,10:54:25,15.56,0.0,32,49793,卖盘
1665,10:54:28,15.56,0.0,25,38906,卖盘
1666,10:54:31,15.56,0.0,11,17120,卖盘
1667,10:54:34,15.56,0.0,13,20228,卖盘
1668,10:54:40,15.56,0.0,83,129171,卖盘
1669,10:54:43,15.56,0.0,52,80925,卖盘
1670,10:54:46,15.56,0.0,35,54461,卖盘
1671,10:54:49,15.56,0.0,44,68464,卖盘
1672,10:54:52,15.56,0.0,11,16696,卖盘
1673,10:54:55,15.56,0.0,4,6224,买盘
1674,10:54:58,15.55,-0.01,10,15559,卖盘
1675,10:55:01,15.55,0.0,30,46650,卖盘
1676,10:55:05,15.55,0.0,8,12440,卖盘
1677,10:55:07,15.55,0.0,36,55981,卖盘
1678,10:55:10,15.55,0.0,60,93340,卖盘
1679,10:55:13,15.55,0.0,71,110405,卖盘
1680,10:55:16,15.55,0.0,32,49760,卖盘
1681,10:55:19,15.55,0.0,584,908620,卖盘
1682,10:55:22,15.55,0.0,28,43540,买盘
1683,10:55:25,15.54,-0.01,32,49734,卖盘
1684,10:55:27,15.55,0.01,88,136783,买盘
1685,10:55:31,15.55,0.0,67,104603,买盘
1686,10:55:33,15.55,0.0,98,152384,卖盘
1687,10:55:37,15.55,0.0,2,3110,卖盘
1688,10:55:40,15.54,-0.01,15,23310,卖盘
1689,10:55:43,15.54,0.0,21,32634,卖盘
1690,10:55:45,15.54,0.0,12,18648,卖盘
1691,10:55:49,15.55,0.01,18,27983,买盘
1692,10:55:51,15.54,-0.01,191,296824,卖盘
1693,10:55:55,15.54,0.0,7,10878,卖盘
1694,10:56:01,15.55,0.01,131,203654,买盘
1695,10:56:04,15.54,-0.01,53,81942,卖盘
1696,10:56:07,15.54,0.0,33,51282,买盘
1697,10:56:10,15.54,0.0,1,1554,买盘
1698,10:56:12,15.54,0.0,10,15540,买盘
1699,10:56:16,15.54,0.0,128,199313,买盘
1700,10:56:19,15.54,0.0,20,30660,卖盘
1701,10:56:22,15.54,0.0,36,56364,买盘
1702,10:56:25,15.54,0.0,30,46620,卖盘
1703,10:56:28,15.54,0.0,50,77688,卖盘
1704,10:56:30,15.54,0.0,1,1554,买盘
1705,10:56:34,15.53,-0.01,1,1553,卖盘
1706,10:56:37,15.54,0.01,22,34182,买盘
1707,10:56:40,15.54,0.0,20,31080,买盘
1708,10:56:43,15.54,0.0,93,144439,买盘
1709,10:56:46,15.53,-0.01,10,15530,卖盘
1710,10:56:49,15.54,0.01,490,761122,买盘
1711,10:56:52,15.53,-0.01,77,119601,卖盘
1712,10:56:55,15.53,0.0,22,34166,卖盘
1713,10:57:01,15.53,0.0,55,85415,卖盘
1714,10:57:05,15.53,0.0,106,164618,卖盘
1715,10:57:07,15.53,0.0,402,623887,卖盘
1716,10:57:10,15.53,0.0,22,34166,买盘
1717,10:57:13,15.52,-0.01,5,7761,卖盘
1718,10:57:16,15.52,0.0,6,9312,卖盘
1719,10:57:19,15.53,0.01,2,3106,买盘
1720,10:57:22,15.52,-0.01,39,60531,卖盘
1721,10:57:25,15.52,0.0,265,411500,卖盘
1722,10:57:28,15.52,0.0,14,21728,卖盘
1723,10:57:31,15.53,0.01,30,46561,买盘
1724,10:57:34,15.52,-0.01,153,237512,卖盘
1725,10:57:37,15.52,0.0,29,45010,卖盘
1726,10:57:40,15.52,0.0,119,184760,卖盘
1727,10:57:43,15.52,0.0,121,187800,卖盘
1728,10:57:46,15.52,0.0,64,99328,卖盘
1729,10:57:49,15.52,0.0,72,111798,卖盘
1730,10:57:51,15.52,0.0,96,149030,卖盘
1731,10:57:55,15.52,0.0,322,499801,卖盘
1732,10:57:58,15.52,0.0,139,215728,买盘
1733,10:58:01,15.52,0.0,32,49664,买盘
1734,10:58:05,15.51,-0.01,245,380892,卖盘
1735,10:58:07,15.52,0.01,25,38800,中性盘
1736,10:58:10,15.52,0.0,17,26384,卖盘
1737,10:58:13,15.52,0.0,40,62499,卖盘
1738,10:58:16,15.52,0.0,458,710552,卖盘
1739,10:58:19,15.51,-0.01,642,994601,卖盘
1740,10:58:25,15.5,-0.01,27,41861,卖盘
1741,10:58:31,15.52,0.02,100,156308,买盘
1742,10:58:34,15.51,-0.01,18,27918,卖盘
1743,10:58:37,15.51,0.0,10,15511,卖盘
1744,10:58:40,15.51,0.0,2,3102,卖盘
1745,10:58:43,15.5,-0.01,70,108520,卖盘
1746,10:58:49,15.51,0.01,25,38775,买盘
1747,10:58:52,15.51,0.0,65,100815,买盘
1748,10:58:55,15.51,0.0,211,327261,买盘
1749,10:58:58,15.5,-0.01,2,3101,卖盘
1750,10:59:01,15.51,0.01,110,170600,买盘
1751,10:59:04,15.52,0.01,64,99260,买盘
1752,10:59:07,15.52,0.0,61,94672,买盘
1753,10:59:10,15.51,-0.01,91,141225,卖盘
1754,10:59:13,15.52,0.01,33,51216,买盘
1755,10:59:16,15.52,0.0,46,71376,买盘
1756,10:59:19,15.51,-0.01,109,169071,卖盘
1757,10:59:21,15.52,0.01,47,72944,买盘
1758,10:59:25,15.52,0.0,72,111686,卖盘
1759,10:59:28,15.51,-0.01,84,130316,卖盘
1760,10:59:30,15.51,0.0,15,23265,卖盘
1761,10:59:34,15.51,0.0,13,20173,卖盘
1762,10:59:37,15.52,0.01,25,38792,买盘
1763,10:59:40,15.51,-0.01,43,66726,卖盘
1764,10:59:43,15.52,0.01,18,27936,买盘
1765,10:59:45,15.52,0.0,159,246618,买盘
1766,10:59:49,15.51,-0.01,33,51183,卖盘
1767,10:59:55,15.52,0.01,110,170720,买盘
1768,10:59:57,15.51,-0.01,98,152002,卖盘
1769,11:00:01,15.53,0.02,15,23285,买盘
1770,11:00:07,15.51,-0.02,3,4653,卖盘
1771,11:00:10,15.51,0.0,2,3102,卖盘
1772,11:00:13,15.52,0.01,10,15520,买盘
1773,11:00:16,15.51,-0.01,48,74448,卖盘
1774,11:00:19,15.51,0.0,25,38764,买盘
1775,11:00:22,15.51,0.0,24,37221,买盘
1776,11:00:25,15.51,0.0,65,100800,买盘
1777,11:00:28,15.51,0.0,16,24813,买盘
1778,11:00:34,15.51,0.0,767,1189617,买盘
1779,11:00:37,15.51,0.0,35,54285,买盘
1780,11:00:40,15.52,0.01,89,138123,买盘
1781,11:00:43,15.51,-0.01,26,40342,卖盘
1782,11:00:46,15.52,0.01,19,29488,买盘
1783,11:00:49,15.52,0.0,26,40352,买盘
1784,11:00:52,15.52,0.0,2,3104,买盘
1785,11:00:55,15.52,0.0,4,6208,卖盘
1786,11:01:01,15.53,0.01,72,111816,买盘
1787,11:01:05,15.53,0.0,31,48143,买盘
1788,11:01:07,15.52,-0.01,30,46560,卖盘
1789,11:01:10,15.53,0.01,10,15525,买盘
1790,11:01:13,15.53,0.0,2,3106,买盘
1791,11:01:16,15.52,-0.01,62,96233,卖盘
1792,11:01:19,15.53,0.01,5,7764,买盘
1793,11:01:22,15.52,-0.01,133,206416,卖盘
1794,11:01:25,15.52,0.0,10,15520,买盘
1795,11:01:28,15.53,0.01,30,46571,买盘
1796,11:01:30,15.52,-0.01,1,1552,买盘
1797,11:01:34,15.51,-0.01,11,17066,卖盘
1798,11:01:37,15.52,0.01,28,43452,买盘
1799,11:01:40,15.53,0.01,84,129248,买盘
1800,11:01:43,15.52,-0.01,7,10864,卖盘
1801,11:01:46,15.52,0.0,27,43085,卖盘
1802,11:01:49,15.52,0.0,17,26384,买盘
1803,11:01:51,15.52,0.0,18,27936,买盘
1804,11:01:55,15.51,-0.01,57,88407,卖盘
1805,11:01:57,15.52,0.01,86,133391,买盘
1806,11:02:01,15.52,0.0,28,43455,买盘
1807,11:02:05,15.51,-0.01,1,1551,卖盘
1808,11:02:07,15.52,0.01,11,17072,买盘
1809,11:02:09,15.52,0.0,3,4656,买盘
1810,11:02:13,15.51,-0.01,8,12408,卖盘
1811,11:02:19,15.52,0.01,12,18624,买盘
1812,11:02:21,15.51,-0.01,23,35673,卖盘
1813,11:02:25,15.52,0.01,111,172191,买盘
1814,11:02:28,15.51,-0.01,34,52747,卖盘
1815,11:02:31,15.52,0.01,6,9311,买盘
1816,11:02:34,15.51,-0.01,7,10857,卖盘
1817,11:02:40,15.51,0.0,1,1551,卖盘
1818,11:02:43,15.51,0.0,30,46530,卖盘
1819,11:02:46,15.51,0.0,26,40336,卖盘
1820,11:02:49,15.51,0.0,126,195427,卖盘
1821,11:02:52,15.51,0.0,20,31020,卖盘
1822,11:02:55,15.51,0.0,6,9307,买盘
1823,11:03:01,15.51,0.0,33,51175,买盘
1824,11:03:04,15.5,-0.01,14,21712,卖盘
1825,11:03:07,15.51,0.01,22,34122,卖盘
1826,11:03:09,15.51,0.0,30,46530,卖盘
1827,11:03:12,15.51,0.0,4,6204,卖盘
1828,11:03:16,15.51,0.0,45,69795,卖盘
1829,11:03:19,15.5,-0.01,8,12407,卖盘
1830,11:03:22,15.51,0.01,60,93057,买盘
1831,11:03:25,15.51,0.0,61,94621,卖盘
1832,11:03:28,15.51,0.0,79,122529,卖盘
1833,11:03:31,15.52,0.01,23,35693,买盘
1834,11:03:34,15.51,-0.01,2,3102,卖盘
1835,11:03:37,15.51,0.0,3,4653,卖盘
1836,11:03:40,15.52,0.01,76,117952,买盘
1837,11:03:43,15.52,0.0,51,79152,买盘
1838,11:03:46,15.52,0.0,20,31032,买盘
1839,11:03:49,15.52,0.0,13,20176,买盘
1840,11:03:52,15.52,0.0,213,330376,买盘
1841,11:03:55,15.51,-0.01,12,18614,卖盘
1842,11:03:58,15.52,0.01,2,1924,卖盘
1843,11:04:01,15.51,-0.01,34,52758,卖盘
1844,11:04:05,15.51,0.0,66,102366,卖盘
1845,11:04:07,15.52,0.01,30,46560,买盘
1846,11:04:10,15.51,-0.01,53,82203,卖盘
1847,11:04:13,15.51,0.0,14,21716,卖盘
1848,11:04:16,15.51,0.0,41,63631,卖盘
1849,11:04:18,15.51,0.0,17,26367,卖盘
1850,11:04:22,15.52,0.01,11,17071,买盘
1851,11:04:25,15.51,-0.01,20,31020,卖盘
1852,11:04:27,15.52,0.01,78,121036,买盘
1853,11:04:31,15.51,-0.01,113,175263,卖盘
1854,11:04:33,15.51,0.0,11,17061,卖盘
1855,11:04:37,15.52,0.01,30,46551,买盘
1856,11:04:40,15.51,-0.01,45,69795,买盘
1857,11:04:43,15.52,0.01,76,117880,买盘
1858,11:04:46,15.52,0.0,12,18624,买盘
1859,11:04:49,15.51,-0.01,20,31020,卖盘
1860,11:04:52,15.52,0.01,22,34144,买盘
1861,11:04:55,15.51,-0.01,18,27918,卖盘
1862,11:04:58,15.51,0.0,21,32571,卖盘
1863,11:05:04,15.52,0.01,12,18614,买盘
1864,11:05:07,15.51,-0.01,2,3102,卖盘
1865,11:05:10,15.52,0.01,68,105471,买盘
1866,11:05:13,15.51,-0.01,1,1551,卖盘
1867,11:05:16,15.51,0.0,88,136488,卖盘
1868,11:05:19,15.51,0.0,1339,2075453,买盘
1869,11:05:25,15.5,0.0,1,1550,买盘
1870,11:05:31,15.49,-0.01,33,51137,卖盘
1871,11:05:34,15.5,0.01,74,114636,买盘
1872,11:05:43,15.49,-0.01,66,102278,卖盘
1873,11:05:46,15.49,0.0,41,63510,卖盘
1874,11:05:49,15.49,0.0,63,97595,卖盘
1875,11:05:52,15.5,0.01,50,77500,买盘
1876,11:05:55,15.49,-0.01,16,24784,卖盘
1877,11:05:58,15.5,0.01,11,17049,买盘
1878,11:06:01,15.49,-0.01,37,57313,卖盘
1879,11:06:05,15.49,0.0,18,27882,卖盘
1880,11:06:07,15.49,0.0,5,7745,买盘
1881,11:06:10,15.49,0.0,9,13941,买盘
1882,11:06:12,15.49,0.0,6,9294,卖盘
1883,11:06:16,15.5,0.01,5,7750,买盘
1884,11:06:22,15.5,0.0,34,52671,买盘
1885,11:06:25,15.49,-0.01,2,3098,卖盘
1886,11:06:28,15.49,0.0,30,46470,卖盘
1887,11:06:31,15.49,0.0,86,133214,卖盘
1888,11:06:34,15.49,0.0,18,27882,卖盘
1889,11:06:37,15.5,0.01,33,51147,买盘
1890,11:06:40,15.49,-0.01,8,12392,卖盘
1891,11:06:43,15.49,0.0,46,71254,卖盘
1892,11:06:46,15.49,0.0,18,27878,买盘
1893,11:06:52,15.49,0.0,30,46470,卖盘
1894,11:06:55,15.5,0.01,22,34080,买盘
1895,11:06:58,15.49,-0.01,66,102239,卖盘
1896,11:07:01,15.49,0.0,13,20137,买盘
1897,11:07:05,15.49,0.0,69,106880,买盘
1898,11:07:07,15.49,0.0,22,34078,买盘
1899,11:07:10,15.49,0.0,32,49568,买盘
1900,11:07:12,15.49,0.0,14,21686,买盘
1901,11:07:16,15.49,0.0,1094,1695963,买盘
1902,11:07:19,15.5,0.01,8,12396,中性盘
1903,11:07:22,15.5,0.0,24,37200,买盘
1904,11:07:25,15.49,-0.01,62,96042,卖盘
1905,11:07:28,15.5,0.01,13,20150,买盘
1906,11:07:31,15.5,0.0,22,34100,买盘
1907,11:07:34,15.5,0.0,40,61968,买盘
1908,11:07:37,15.5,0.0,22,34100,买盘
1909,11:07:40,15.5,0.0,15,23250,买盘
1910,11:07:43,15.5,0.0,7,10850,买盘
1911,11:07:46,15.5,0.0,52,80600,买盘
1912,11:07:49,15.5,0.0,9,13950,卖盘
1913,11:07:52,15.51,0.01,45,69795,买盘
1914,11:07:55,15.51,0.0,9,13959,买盘
1915,11:07:58,15.51,0.0,37,57387,买盘
1916,11:08:01,15.51,0.0,6,9306,买盘
1917,11:08:04,15.5,-0.01,34,52712,卖盘
1918,11:08:07,15.5,0.0,4,6202,卖盘
1919,11:08:10,15.51,0.01,6,9306,买盘
1920,11:08:12,15.51,0.0,7,10857,买盘
1921,11:08:16,15.5,-0.01,11,17054,卖盘
1922,11:08:18,15.52,0.02,858,1331091,买盘
1923,11:08:22,15.5,-0.02,170,264151,卖盘
1924,11:08:24,15.51,0.01,19,29469,买盘
1925,11:08:34,15.51,0.0,47,72892,买盘
1926,11:08:37,15.51,0.0,11,17056,买盘
1927,11:08:40,15.51,0.0,42,64778,买盘
1928,11:08:43,15.51,0.0,3,4653,卖盘
1929,11:08:45,15.52,0.01,1,1552,买盘
1930,11:08:49,15.52,0.0,14,21728,买盘
1931,11:08:55,15.52,0.0,14,21724,买盘
1932,11:08:58,15.52,0.0,1,1552,买盘
1933,11:09:01,15.52,0.0,230,356960,买盘
1934,11:09:05,15.52,0.0,41,63622,卖盘
1935,11:09:10,15.52,0.0,4,6208,卖盘
1936,11:09:13,15.53,0.01,5,7765,买盘
1937,11:09:18,15.53,0.0,109,169275,买盘
1938,11:09:22,15.52,-0.01,41,63659,卖盘
1939,11:09:25,15.53,0.01,241,374270,买盘
1940,11:09:31,15.53,0.0,63,97839,卖盘
1941,11:09:33,15.54,0.01,106,164678,买盘
1942,11:09:37,15.53,-0.01,15,23295,买盘
1943,11:09:39,15.54,0.01,14,21756,买盘
1944,11:09:43,15.53,-0.01,12,18636,卖盘
1945,11:09:46,15.53,0.0,29,45056,卖盘
1946,11:09:49,15.54,0.01,39,60568,买盘
1947,11:09:52,15.54,0.0,13,20202,买盘
1948,11:09:55,15.54,0.0,99,153846,买盘
1949,11:10:01,15.54,0.0,96,149173,买盘
1950,11:10:04,15.54,0.0,29,45066,买盘
1951,11:10:07,15.53,-0.01,29,45427,卖盘
1952,11:10:10,15.53,0.0,5,7765,卖盘
1953,11:10:12,15.54,0.01,342,531436,买盘
1954,11:10:16,15.54,0.0,4,6216,买盘
1955,11:10:18,15.54,0.0,3,4662,卖盘
1956,11:10:22,15.53,-0.01,12,18647,卖盘
1957,11:10:25,15.54,0.01,9,13986,买盘
1958,11:10:27,15.55,0.01,21,32655,买盘
1959,11:10:34,15.54,-0.01,13,20195,买盘
1960,11:10:37,15.54,0.0,18,27972,卖盘
1961,11:10:40,15.53,-0.01,12,18636,卖盘
1962,11:10:46,15.53,0.0,197,305941,卖盘
1963,11:10:49,15.53,0.0,69,107186,卖盘
1964,11:10:52,15.53,0.0,50,77650,卖盘
1965,11:10:54,15.53,0.0,48,74544,卖盘
1966,11:10:58,15.53,0.0,10,15157,卖盘
1967,11:11:04,15.53,0.0,11,17083,买盘
1968,11:11:10,15.53,0.0,10,15530,买盘
1969,11:11:16,15.53,0.0,8,12424,买盘
1970,11:11:19,15.52,-0.01,12,18624,卖盘
1971,11:11:22,15.52,0.0,10,15520,卖盘
1972,11:11:27,15.52,0.0,21,32592,卖盘
1973,11:11:31,15.52,0.0,10,15520,卖盘
1974,11:11:34,15.52,0.0,21,32596,卖盘
1975,11:11:37,15.52,0.0,80,124186,卖盘
1976,11:11:40,15.52,0.0,76,118022,卖盘
1977,11:11:43,15.52,0.0,1,1552,卖盘
1978,11:11:46,15.52,0.0,60,93120,卖盘
1979,11:11:49,15.53,0.01,38,59009,买盘
1980,11:11:54,15.52,-0.01,25,38800,卖盘
1981,11:11:58,15.52,0.0,21,32596,卖盘
1982,11:12:00,15.52,0.0,46,71392,卖盘
1983,11:12:05,15.52,0.0,68,105538,卖盘
1984,11:12:07,15.52,0.0,156,242112,买盘
1985,11:12:10,15.52,0.0,18,27936,买盘
1986,11:12:12,15.51,-0.01,820,1271840,卖盘
1987,11:12:16,15.52,0.01,5,7760,买盘
1988,11:12:22,15.52,0.0,16,24832,买盘
1989,11:12:28,15.52,0.0,469,727793,买盘
1990,11:12:34,15.51,-0.01,10,15519,卖盘
1991,11:12:37,15.52,0.01,38,58942,买盘
1992,11:12:43,15.51,-0.01,42,65150,卖盘
1993,11:12:45,15.51,0.0,16,24816,卖盘
1994,11:12:49,15.51,0.0,39,60489,卖盘
1995,11:12:51,15.52,0.01,242,375379,买盘
1996,11:12:58,15.51,-0.01,212,328812,卖盘
1997,11:13:07,15.5,-0.01,14,21712,卖盘
1998,11:13:10,15.51,0.01,20,31020,买盘
1999,11:13:13,15.51,0.0,11,17053,买盘
2000,11:13:16,15.51,0.0,3,4653,买盘
2001,11:13:19,15.5,-0.01,13,20150,卖盘
2002,11:13:22,15.51,0.01,250,387700,买盘
2003,11:13:25,15.51,0.0,5,7754,买盘
2004,11:13:27,15.51,0.0,107,165948,买盘
2005,11:13:30,15.51,0.0,451,699059,买盘
2006,11:13:34,15.51,0.0,12,18612,买盘
2007,11:13:37,15.51,0.0,146,226446,买盘
2008,11:13:40,15.5,-0.01,7,10855,卖盘
2009,11:13:46,15.5,0.0,14,21716,卖盘
2010,11:13:49,15.5,0.0,23,35667,卖盘
2011,11:13:58,15.5,0.0,13,20156,卖盘
2012,11:14:01,15.5,0.0,10,15500,卖盘
2013,11:14:05,15.5,0.0,17,26350,卖盘
2014,11:14:07,15.5,0.0,224,347350,卖盘
2015,11:14:10,15.51,0.01,5,7752,中性盘
2016,11:14:13,15.5,-0.01,84,130200,卖盘
2017,11:14:16,15.49,-0.01,9,13949,卖盘
2018,11:14:19,15.49,0.0,51,79039,卖盘
2019,11:14:21,15.49,0.0,17,26333,卖盘
2020,11:14:25,15.49,0.0,42,65058,卖盘
2021,11:14:28,15.5,0.01,150,232500,买盘
2022,11:14:31,15.49,-0.01,20,30980,卖盘
2023,11:14:34,15.49,0.0,8,12392,卖盘
2024,11:14:37,15.49,0.0,10,15492,卖盘
2025,11:14:40,15.49,0.0,27,41833,卖盘
2026,11:14:43,15.5,0.01,15,23245,买盘
2027,11:14:49,15.5,0.0,13,20150,买盘
2028,11:14:52,15.49,-0.01,95,147155,卖盘
2029,11:14:55,15.5,0.01,3,4650,买盘
2030,11:14:58,15.49,-0.01,250,387250,卖盘
2031,11:15:01,15.49,0.0,57,88273,买盘
2032,11:15:04,15.5,0.01,234,362654,买盘
2033,11:15:07,15.49,-0.01,49,75929,中性盘
2034,11:15:10,15.48,-0.01,75,116143,卖盘
2035,11:15:13,15.5,0.02,25,38750,买盘
2036,11:15:16,15.5,0.0,52,80550,买盘
2037,11:15:19,15.49,-0.01,4,6196,卖盘
2038,11:15:21,15.49,0.0,19,29431,卖盘
2039,11:15:25,15.49,0.0,59,91411,卖盘
2040,11:15:28,15.49,0.0,35,54215,卖盘
2041,11:15:31,15.5,0.01,55,85242,买盘
2042,11:15:33,15.49,-0.01,74,114626,卖盘
2043,11:15:37,15.49,0.0,154,238601,卖盘
2044,11:15:39,15.49,0.0,2,3098,买盘
2045,11:15:43,15.48,-0.01,11,17038,卖盘
2046,11:15:46,15.48,0.0,433,670317,卖盘
2047,11:15:49,15.48,0.0,48,74304,卖盘
2048,11:15:52,15.47,-0.01,12,18571,卖盘
2049,11:15:55,15.48,0.01,20,30960,买盘
2050,11:15:58,15.48,0.0,55,85115,买盘
2051,11:16:01,15.47,-0.01,98,151606,卖盘
2052,11:16:04,15.47,0.0,27,41769,卖盘
2053,11:16:10,15.48,0.01,66,102132,买盘
2054,11:16:13,15.47,-0.01,402,621894,卖盘
2055,11:16:16,15.47,0.0,38,58786,买盘
2056,11:16:19,15.47,0.0,123,190254,买盘
2057,11:16:22,15.46,-0.01,114,176274,卖盘
2058,11:16:25,15.47,0.01,36,55687,买盘
2059,11:16:28,15.47,0.0,33,51032,买盘
2060,11:16:30,15.46,-0.01,39,60313,卖盘
2061,11:16:34,15.47,0.01,41,63417,买盘
2062,11:16:37,15.46,-0.01,39,60320,卖盘
2063,11:16:40,15.47,0.01,38,58786,买盘
2064,11:16:43,15.47,0.0,8,12376,买盘
2065,11:16:46,15.46,-0.01,312,482360,卖盘
2066,11:16:49,15.47,0.01,72,111384,买盘
2067,11:16:51,15.47,0.0,39,60333,卖盘
2068,11:16:54,15.47,0.0,34,52598,卖盘
2069,11:17:01,15.47,0.0,4,6188,买盘
2070,11:17:04,15.47,0.0,22,34032,买盘
2071,11:17:07,15.47,0.0,13,20111,买盘
2072,11:17:10,15.47,0.0,20,30930,买盘
2073,11:17:13,15.47,0.0,20,30940,买盘
2074,11:17:15,15.47,0.0,13,20107,买盘
2075,11:17:18,15.46,-0.01,57,88155,卖盘
2076,11:17:22,15.46,0.0,43,66478,卖盘
2077,11:17:25,15.46,0.0,336,519456,卖盘
2078,11:17:28,15.46,0.0,15,23198,卖盘
2079,11:17:30,15.46,0.0,232,358672,卖盘
2080,11:17:34,15.46,0.0,100,154600,买盘
2081,11:17:37,15.46,0.0,10,15460,买盘
2082,11:17:40,15.46,0.0,5,7730,买盘
2083,11:17:43,15.45,-0.01,35,54075,卖盘
2084,11:17:46,15.45,0.0,11,16995,卖盘
2085,11:17:49,15.45,0.0,33,50985,卖盘
2086,11:17:52,15.45,0.0,64,98880,卖盘
2087,11:17:55,15.45,0.0,90,139111,卖盘
2088,11:17:58,15.45,0.0,7,10815,卖盘
2089,11:18:01,15.45,0.0,17,26266,卖盘
2090,11:18:04,15.46,0.01,17,26271,买盘
2091,11:18:07,15.46,0.0,24,37104,买盘
2092,11:18:10,15.45,-0.01,76,117420,卖盘
2093,11:18:13,15.46,0.01,9,13914,买盘
2094,11:18:16,15.46,0.0,40,61840,买盘
2095,11:18:19,15.46,0.0,264,407893,买盘
2096,11:18:22,15.46,0.0,10,15460,买盘
2097,11:18:25,15.45,-0.01,39,60283,卖盘
2098,11:18:28,15.45,0.0,29,44805,卖盘
2099,11:18:31,15.45,0.0,26,40175,卖盘
2100,11:18:34,15.46,0.01,55,85030,买盘
2101,11:18:37,15.45,-0.01,51,78795,卖盘
2102,11:18:40,15.46,0.01,44,68024,买盘
2103,11:18:43,15.46,0.0,286,442047,买盘
2104,11:18:46,15.45,-0.01,37,57197,卖盘
2105,11:18:49,15.46,0.01,3,4638,买盘
2106,11:18:52,15.46,0.0,19,29373,买盘
2107,11:18:55,15.46,0.0,105,162330,买盘
2108,11:18:58,15.46,0.0,596,920916,买盘
2109,11:19:01,15.46,0.0,40,61825,买盘
2110,11:19:05,15.46,0.0,61,94306,买盘
2111,11:19:07,15.46,0.0,24,37104,买盘
2112,11:19:10,15.45,-0.01,7,10820,卖盘
2113,11:19:13,15.46,0.01,44,68014,买盘
2114,11:19:18,15.46,0.0,30,46380,卖盘
2115,11:19:21,15.46,0.0,1,1546,卖盘
2116,11:19:25,15.46,0.0,3,4638,卖盘
2117,11:19:28,15.46,0.0,41,63393,卖盘
2118,11:19:31,15.46,0.0,17,26282,卖盘
2119,11:19:34,15.46,0.0,2,3092,卖盘
2120,11:19:40,15.46,0.0,3,4638,卖盘
2121,11:19:43,15.47,0.01,2,3094,买盘
2122,11:19:46,15.47,0.0,2,3094,买盘
2123,11:19:49,15.46,-0.01,50,77300,卖盘
2124,11:19:52,15.47,0.01,5,7735,买盘
2125,11:19:55,15.47,0.0,4,6188,买盘
2126,11:20:01,15.46,-0.01,215,332431,卖盘
2127,11:20:04,15.46,0.0,35,54110,买盘
2128,11:20:07,15.46,0.0,22,34012,买盘
2129,11:20:10,15.46,0.0,251,387896,买盘
2130,11:20:15,15.46,0.0,10,15460,卖盘
2131,11:20:19,15.45,-0.01,118,182341,卖盘
2132,11:20:22,15.46,0.01,15,23190,中性盘
2133,11:20:25,15.46,0.0,20,30920,买盘
2134,11:20:28,15.47,0.01,9,13919,买盘
2135,11:20:30,15.45,-0.02,10,15455,卖盘
2136,11:20:34,15.47,0.02,55,85085,买盘
2137,11:20:36,15.47,0.0,3,4641,卖盘
2138,11:20:40,15.46,-0.01,19,29374,卖盘
2139,11:20:43,15.47,0.01,46,71162,买盘
2140,11:20:46,15.45,-0.02,500,772661,卖盘
2141,11:20:51,15.46,0.01,21,32466,买盘
2142,11:20:58,15.44,-0.02,163,251797,卖盘
2143,11:21:05,15.45,0.01,213,329016,卖盘
2144,11:21:07,15.45,0.0,98,151410,买盘
2145,11:21:10,15.44,-0.01,67,103514,卖盘
2146,11:21:13,15.44,0.0,93,143665,卖盘
2147,11:21:19,15.45,0.01,22,33990,买盘
2148,11:21:22,15.45,0.0,20,30900,买盘
2149,11:21:25,15.44,-0.01,17,26248,卖盘
2150,11:21:31,15.44,0.0,43,66392,卖盘
2151,11:21:34,15.44,0.0,158,243955,卖盘
2152,11:21:37,15.45,0.01,544,840146,买盘
2153,11:21:39,15.44,-0.01,10,15440,卖盘
2154,11:21:43,15.45,0.01,29,44805,买盘
2155,11:21:46,15.44,-0.01,43,66412,卖盘
2156,11:21:49,15.44,0.0,7,10808,卖盘
2157,11:21:51,15.45,0.01,1,1545,买盘
2158,11:21:55,15.45,0.0,342,528062,买盘
2159,11:21:57,15.44,-0.01,70,108914,卖盘
2160,11:22:01,15.44,0.0,5,7720,买盘
2161,11:22:04,15.43,-0.01,62,95700,卖盘
2162,11:22:07,15.44,0.01,74,114256,买盘
2163,11:22:10,15.43,-0.01,62,95666,卖盘
2164,11:22:13,15.43,0.0,115,177447,卖盘
2165,11:22:15,15.43,0.0,37,57121,卖盘
2166,11:22:19,15.44,0.01,33,50952,买盘
2167,11:22:21,15.44,0.0,182,281003,买盘
2168,11:22:25,15.43,-0.01,222,342723,卖盘
2169,11:22:27,15.43,0.0,102,157438,卖盘
2170,11:22:31,15.43,0.0,62,95687,卖盘
2171,11:22:34,15.43,0.0,511,788473,卖盘
2172,11:22:37,15.43,0.0,16,24688,卖盘
2173,11:22:40,15.44,0.01,63,97212,买盘
2174,11:22:43,15.43,-0.01,57,87951,卖盘
2175,11:22:46,15.43,0.0,17,26231,卖盘
2176,11:22:49,15.43,0.0,81,125003,卖盘
2177,11:22:52,15.43,0.0,30,46298,卖盘
2178,11:22:55,15.43,0.0,229,353347,卖盘
2179,11:22:58,15.43,0.0,198,305514,卖盘
2180,11:23:01,15.43,0.0,40,61720,买盘
2181,11:23:05,15.42,-0.01,31,47805,卖盘
2182,11:23:07,15.43,0.01,8,12344,买盘
2183,11:23:10,15.43,0.0,1615,2490350,买盘
2184,11:23:16,15.42,-0.01,50,77100,买盘
2185,11:23:19,15.42,0.0,11,16962,买盘
2186,11:23:21,15.42,0.0,8,12336,卖盘
2187,11:23:25,15.42,0.0,49,75558,卖盘
2188,11:23:28,15.42,0.0,43,66306,卖盘
2189,11:23:30,15.43,0.01,75,115655,买盘
2190,11:23:34,15.42,-0.01,1,1542,卖盘
2191,11:23:37,15.42,0.0,60,92520,卖盘
2192,11:23:40,15.42,0.0,174,268452,卖盘
2193,11:23:43,15.42,0.0,26,40092,卖盘
2194,11:23:46,15.43,0.01,128,197387,买盘
2195,11:23:49,15.42,-0.01,13,20048,卖盘
2196,11:23:52,15.42,0.0,4,6170,卖盘
2197,11:23:55,15.42,0.0,138,212854,卖盘
2198,11:23:58,15.42,0.0,42,64765,卖盘
2199,11:24:01,15.42,0.0,101,154575,卖盘
2200,11:24:04,15.42,0.0,51,79814,卖盘
2201,11:24:07,15.42,0.0,85,131070,买盘
2202,11:24:10,15.42,0.0,1,1542,买盘
2203,11:24:13,15.42,0.0,6,9252,买盘
2204,11:24:16,15.42,0.0,196,302227,买盘
2205,11:24:18,15.42,0.0,39,60125,买盘
2206,11:24:22,15.42,0.0,33,50874,买盘
2207,11:24:25,15.42,0.0,56,86352,买盘
2208,11:24:27,15.41,-0.01,50,77080,卖盘
2209,11:24:31,15.42,0.01,41,63205,买盘
2210,11:24:33,15.42,0.0,115,177325,买盘
2211,11:24:37,15.42,0.0,2,3084,买盘
2212,11:24:39,15.42,0.0,41,63204,买盘
2213,11:24:43,15.42,0.0,112,172691,买盘
2214,11:24:45,15.42,0.0,112,171532,买盘
2215,11:24:49,15.42,0.0,60,92568,卖盘
2216,11:24:52,15.43,0.01,60,92560,买盘
2217,11:24:54,15.43,0.0,42,64806,买盘
2218,11:24:58,15.42,-0.01,110,169720,卖盘
2219,11:25:01,15.43,0.01,20,30846,买盘
2220,11:25:05,15.42,-0.01,20,30844,卖盘
2221,11:25:07,15.43,0.01,10,15430,买盘
2222,11:25:10,15.42,-0.01,80,123439,卖盘
2223,11:25:13,15.43,0.01,2,3086,买盘
2224,11:25:16,15.42,-0.01,128,197483,卖盘
2225,11:25:19,15.43,0.01,29,44747,买盘
2226,11:25:21,15.43,0.0,40,61710,买盘
2227,11:25:25,15.43,0.0,102,157308,买盘
2228,11:25:27,15.42,-0.01,11,16967,卖盘
2229,11:25:30,15.43,0.01,13,20059,买盘
2230,11:25:34,15.42,-0.01,27,41654,卖盘
2231,11:25:37,15.43,0.01,62,95666,买盘
2232,11:25:40,15.43,0.0,137,211381,买盘
2233,11:25:43,15.43,0.0,49,76132,买盘
2234,11:25:45,15.43,0.0,29,44747,卖盘
2235,11:25:48,15.43,0.0,20,30860,卖盘
2236,11:25:52,15.44,0.01,29,44750,买盘
2237,11:25:54,15.43,-0.01,67,103394,卖盘
2238,11:25:58,15.44,0.01,98,151233,买盘
2239,11:26:04,15.44,0.0,61,94184,买盘
2240,11:26:10,15.44,0.0,12,18518,买盘
2241,11:26:13,15.43,-0.01,46,70983,卖盘
2242,11:26:16,15.44,0.01,25,38600,买盘
2243,11:26:22,15.44,0.0,43,66359,买盘
2244,11:26:25,15.44,0.0,16,24704,买盘
2245,11:26:28,15.44,0.0,15,23160,买盘
2246,11:26:34,15.44,0.0,6,9264,买盘
2247,11:26:37,15.44,0.0,5,7720,买盘
2248,11:26:40,15.44,0.0,47,72568,买盘
2249,11:26:42,15.44,0.0,1,1544,买盘
2250,11:26:46,15.44,0.0,47,72544,买盘
2251,11:26:49,15.44,0.0,60,92640,买盘
2252,11:26:52,15.44,0.0,42,64837,买盘
2253,11:26:55,15.44,0.0,64,98812,买盘
2254,11:27:01,15.44,0.0,10,15440,买盘
2255,11:27:05,15.44,0.0,20,30880,买盘
2256,11:27:07,15.43,-0.01,107,165101,卖盘
2257,11:27:10,15.44,0.01,25,39310,买盘
2258,11:27:13,15.44,0.0,5,7720,卖盘
2259,11:27:16,15.44,0.0,50,77200,卖盘
2260,11:27:19,15.44,0.0,47,72568,卖盘
2261,11:27:25,15.44,0.0,3,4633,卖盘
2262,11:27:27,15.44,0.0,36,55600,卖盘
2263,11:27:33,15.45,0.01,36,55615,买盘
2264,11:27:40,15.44,-0.01,30,46320,卖盘
2265,11:27:43,15.44,0.0,15,23167,卖盘
2266,11:27:46,15.44,0.0,20,30880,卖盘
2267,11:27:49,15.44,0.0,29,44776,卖盘
2268,11:27:52,15.45,0.01,10,15450,买盘
2269,11:27:58,15.45,0.0,17,26253,买盘
2270,11:28:01,15.45,0.0,45,69500,买盘
2271,11:28:04,15.44,-0.01,4,6176,卖盘
2272,11:28:07,15.44,0.0,25,38621,卖盘
2273,11:28:10,15.45,0.01,207,319815,买盘
2274,11:28:13,15.44,-0.01,27,41711,卖盘
2275,11:28:16,15.45,0.01,4,6180,买盘
2276,11:28:18,15.44,-0.01,54,83390,卖盘
2277,11:28:21,15.45,0.01,19,29355,买盘
2278,11:28:25,15.45,0.0,24,36956,卖盘
2279,11:28:28,15.45,0.0,7,10815,卖盘
2280,11:28:31,15.45,0.0,48,74160,卖盘
2281,11:28:33,15.46,0.01,3,4636,买盘
2282,11:28:37,15.45,-0.01,263,406459,卖盘
2283,11:28:43,15.45,0.0,89,137505,买盘
2284,11:28:46,15.44,-0.01,110,169970,卖盘
2285,11:28:49,15.45,0.01,5,7725,卖盘
2286,11:28:52,15.46,0.01,18,27814,买盘
2287,11:28:54,15.45,-0.01,20,30900,卖盘
2288,11:28:58,15.45,0.0,7,10816,卖盘
2289,11:29:01,15.46,0.01,100,154600,买盘
2290,11:29:07,15.45,-0.01,10,15450,卖盘
2291,11:29:10,15.46,0.01,321,495966,买盘
2292,11:29:13,15.46,0.0,11,17000,买盘
2293,11:29:16,15.44,-0.02,205,316634,卖盘
2294,11:29:19,15.45,0.01,2,3090,卖盘
2295,11:29:25,15.45,0.0,1,1545,买盘
2296,11:29:34,15.45,0.0,46,71070,买盘
2297,11:29:37,15.45,0.0,10,15450,买盘
2298,11:29:40,15.45,0.0,23,35535,买盘
2299,11:29:46,15.45,0.0,248,383060,买盘
2300,11:29:49,15.45,0.0,69,106605,卖盘
2301,11:29:58,15.45,0.0,199,307470,卖盘
2302,11:30:01,15.45,0.0,155,239475,卖盘
2303,13:00:01,15.44,-0.01,383,591632,卖盘
2304,13:00:05,15.45,0.01,1324,2044661,买盘
2305,13:00:07,15.46,0.01,124,191511,买盘
2306,13:00:10,15.46,0.0,44,68395,卖盘
2307,13:00:13,15.46,0.0,11,16759,卖盘
2308,13:00:16,15.47,0.01,382,590708,买盘
2309,13:00:18,15.46,-0.01,15,23166,中性盘
2310,13:00:24,15.46,0.0,6,9276,买盘
2311,13:00:28,15.46,0.0,50,77300,买盘
2312,13:00:34,15.46,0.0,5,7730,买盘
2313,13:00:43,15.45,-0.01,33,50985,卖盘
2314,13:00:48,15.44,-0.01,5,7721,卖盘
2315,13:00:52,15.44,0.0,162,250133,卖盘
2316,13:00:55,15.44,0.0,31,48636,卖盘
2317,13:00:58,15.45,0.01,10,15440,买盘
2318,13:01:01,15.44,-0.01,18,27792,卖盘
2319,13:01:05,15.44,0.0,8,12352,买盘
2320,13:01:10,15.44,0.0,5,7720,卖盘
2321,13:01:13,15.44,0.0,57,88013,卖盘
2322,13:01:15,15.44,0.0,30,46320,卖盘
2323,13:01:19,15.44,0.0,1,1544,卖盘
2324,13:01:22,15.44,0.0,11,16984,卖盘
2325,13:01:25,15.44,0.0,17,26250,卖盘
2326,13:01:28,15.44,0.0,68,104992,卖盘
2327,13:01:31,15.44,0.0,115,177567,卖盘
2328,13:01:34,15.44,0.0,10,15440,卖盘
2329,13:01:37,15.44,0.0,71,109624,买盘
2330,13:01:40,15.43,-0.01,424,654641,卖盘
2331,13:01:42,15.44,0.01,5,7721,中性盘
2332,13:01:46,15.44,0.0,21,32405,卖盘
2333,13:01:49,15.43,-0.01,80,123463,卖盘
2334,13:01:55,15.43,0.0,67,103440,卖盘
2335,13:01:58,15.44,0.01,33,50952,买盘
2336,13:02:01,15.43,-0.01,191,294726,卖盘
2337,13:02:05,15.43,0.0,30,46299,卖盘
2338,13:02:07,15.43,0.0,29,44766,卖盘
2339,13:02:10,15.43,0.0,10,15430,卖盘
2340,13:02:13,15.43,0.0,48,74064,卖盘
2341,13:02:16,15.44,0.01,32,49408,买盘
2342,13:02:19,15.44,0.0,11,16984,买盘
2343,13:02:22,15.44,0.0,51,78744,买盘
2344,13:02:25,15.44,0.0,98,151312,卖盘
2345,13:02:28,15.44,0.0,21,32424,卖盘
2346,13:02:31,15.44,0.0,4,6176,卖盘
2347,13:02:34,15.44,0.0,4,6179,卖盘
2348,13:02:40,15.44,0.0,10,15440,卖盘
2349,13:02:43,15.44,0.0,12,18528,卖盘
2350,13:02:46,15.43,-0.01,196,302593,卖盘
2351,13:02:55,15.44,0.01,23,35512,买盘
2352,13:02:58,15.43,-0.01,8,12347,卖盘
2353,13:03:05,15.44,0.01,3,4632,卖盘
2354,13:03:07,15.45,0.01,1,1545,买盘
2355,13:03:09,15.44,-0.01,41,63304,卖盘
2356,13:03:16,15.44,0.0,30,46320,卖盘
2357,13:03:19,15.44,0.0,10,15440,卖盘
2358,13:03:22,15.44,0.0,27,41688,卖盘
2359,13:03:28,15.43,-0.01,13,20069,卖盘
2360,13:03:31,15.44,0.01,9,13896,买盘
2361,13:03:34,15.43,-0.01,167,257693,卖盘
2362,13:03:37,15.43,0.0,26,40123,卖盘
2363,13:03:40,15.44,0.01,21,32422,买盘
2364,13:03:43,15.44,0.0,36,55560,买盘
2365,13:03:49,15.44,0.0,33,50952,卖盘
2366,13:04:01,15.44,0.0,61,94184,卖盘
2367,13:04:04,15.44,0.0,15,23165,卖盘
2368,13:04:07,15.44,0.0,40,61760,卖盘
2369,13:04:13,15.45,0.01,50,77250,买盘
2370,13:04:16,15.44,-0.01,67,103448,卖盘
2371,13:04:19,15.44,0.0,42,64848,卖盘
2372,13:04:21,15.44,0.0,17,26248,卖盘
2373,13:04:25,15.45,0.01,129,199163,买盘
2374,13:04:28,15.43,-0.02,45,69445,卖盘
2375,13:04:31,15.43,0.0,52,80243,卖盘
2376,13:04:33,15.43,0.0,45,69435,卖盘
2377,13:04:37,15.43,0.0,31,47833,卖盘
2378,13:04:40,15.44,0.01,5,7720,买盘
2379,13:04:46,15.44,0.0,271,418161,买盘
2380,13:04:48,15.42,-0.02,156,240633,卖盘
2381,13:04:52,15.44,0.02,4,6176,买盘
2382,13:04:55,15.44,0.0,39,60187,买盘
2383,13:04:58,15.44,0.0,25,38589,买盘
2384,13:05:05,15.43,-0.01,20,30860,买盘
2385,13:05:07,15.42,-0.01,184,283744,卖盘
2386,13:05:13,15.42,0.0,76,117216,卖盘
2387,13:05:16,15.42,0.0,31,47824,卖盘
2388,13:05:18,15.43,0.01,50,77150,买盘
2389,13:05:22,15.42,-0.01,25,38560,卖盘
2390,13:05:24,15.42,0.0,118,181956,卖盘
2391,13:05:28,15.42,0.0,52,80192,卖盘
2392,13:05:31,15.42,0.0,79,121818,卖盘
2393,13:05:34,15.42,0.0,48,74016,卖盘
2394,13:05:37,15.42,0.0,46,70977,卖盘
2395,13:05:43,15.42,0.0,13,20046,卖盘
2396,13:05:46,15.43,0.01,23,35467,买盘
2397,13:05:49,15.42,-0.01,342,526847,卖盘
2398,13:05:51,15.42,0.0,277,427134,买盘
2399,13:05:55,15.42,0.0,92,141864,买盘
2400,13:05:57,15.42,0.0,57,87859,买盘
2401,13:06:01,15.42,0.0,34,52932,买盘
2402,13:06:05,15.41,-0.01,259,398714,卖盘
2403,13:06:07,15.41,0.0,79,121784,卖盘
2404,13:06:09,15.42,0.01,12,18502,买盘
2405,13:06:13,15.41,-0.01,22,33902,卖盘
2406,13:06:16,15.42,0.01,84,129448,买盘
2407,13:06:19,15.41,-0.01,1,1541,卖盘
2408,13:06:22,15.41,0.0,1179,1816839,卖盘
2409,13:06:28,15.41,0.0,1,1541,买盘
2410,13:06:31,15.42,0.01,26,40079,买盘
2411,13:06:37,15.4,-0.02,6,9240,卖盘
2412,13:06:40,15.41,0.01,18,27738,买盘
2413,13:06:43,15.41,0.0,28,43130,买盘
2414,13:06:46,15.4,-0.01,19,29260,卖盘
2415,13:06:49,15.4,0.0,21,32340,卖盘
2416,13:06:51,15.4,0.0,70,107847,卖盘
2417,13:06:55,15.41,0.01,8,12321,买盘
2418,13:06:58,15.41,0.0,17,26192,买盘
2419,13:07:01,15.4,-0.01,84,129395,卖盘
2420,13:07:05,15.41,0.01,113,174120,买盘
2421,13:07:07,15.4,-0.01,42,64700,卖盘
2422,13:07:10,15.41,0.01,57,87795,买盘
2423,13:07:15,15.41,0.0,93,143261,买盘
2424,13:07:19,15.41,0.0,59,90882,买盘
2425,13:07:22,15.41,0.0,161,248040,买盘
2426,13:07:25,15.4,-0.01,132,203380,卖盘
2427,13:07:27,15.41,0.01,40,61629,买盘
2428,13:07:30,15.41,0.0,129,198398,买盘
2429,13:07:33,15.41,0.0,200,308363,卖盘
2430,13:07:37,15.41,0.0,72,110952,卖盘
2431,13:07:40,15.41,0.0,151,232699,卖盘
2432,13:07:43,15.41,0.0,14,21574,卖盘
2433,13:07:46,15.41,0.0,35,53937,卖盘
2434,13:07:48,15.41,0.0,10,15410,卖盘
2435,13:07:52,15.41,0.0,30,46230,卖盘
2436,13:07:55,15.41,0.0,159,245045,卖盘
2437,13:07:58,15.41,0.0,6,9246,卖盘
2438,13:08:01,15.41,0.0,4,6164,卖盘
2439,13:08:05,15.41,0.0,47,72427,卖盘
2440,13:08:07,15.41,0.0,7,10787,卖盘
2441,13:08:10,15.41,0.0,6,9246,卖盘
2442,13:08:13,15.41,0.0,60,92496,卖盘
2443,13:08:16,15.41,0.0,42,64722,卖盘
2444,13:08:19,15.41,0.0,98,151030,卖盘
2445,13:08:22,15.41,0.0,83,127957,卖盘
2446,13:08:25,15.41,0.0,68,104788,卖盘
2447,13:08:28,15.42,0.01,3,4626,买盘
2448,13:08:30,15.42,0.0,92,141801,买盘
2449,13:08:34,15.41,-0.01,4,6164,卖盘
2450,13:08:37,15.41,0.0,7,10787,卖盘
2451,13:08:40,15.41,0.0,8,12328,卖盘
2452,13:08:43,15.42,0.01,31,47802,买盘
2453,13:08:46,15.41,-0.01,1,1541,卖盘
2454,13:08:49,15.42,0.01,10,15420,买盘
2455,13:08:52,15.41,-0.01,8,12328,卖盘
2456,13:08:55,15.41,0.0,29,44715,卖盘
2457,13:08:58,15.41,0.0,21,32361,卖盘
2458,13:09:01,15.41,0.0,51,78592,卖盘
2459,13:09:05,15.4,-0.01,993,1529838,卖盘
2460,13:09:07,15.41,0.01,1,1541,买盘
2461,13:09:09,15.4,-0.01,25,38506,卖盘
2462,13:09:13,15.42,0.02,23,35444,买盘
2463,13:09:15,15.41,-0.01,21,32368,卖盘
2464,13:09:19,15.41,0.0,20,30820,卖盘
2465,13:09:21,15.41,0.0,148,228068,卖盘
2466,13:09:25,15.41,0.0,39,60099,买盘
2467,13:09:27,15.41,0.0,37,57001,买盘
2468,13:09:31,15.4,-0.01,28,43125,卖盘
2469,13:09:34,15.4,0.0,41,63539,卖盘
2470,13:09:37,15.41,0.01,5,7705,买盘
2471,13:09:40,15.41,0.0,45,69345,买盘
2472,13:09:43,15.41,0.0,102,157125,买盘
2473,13:09:46,15.41,0.0,5,7705,卖盘
2474,13:09:49,15.41,0.0,55,84755,买盘
2475,13:09:52,15.41,0.0,56,86246,买盘
2476,13:09:55,15.4,-0.01,2045,3149369,卖盘
2477,13:09:58,15.4,0.0,1,1540,买盘
2478,13:10:01,15.39,-0.01,821,1263519,卖盘
2479,13:10:05,15.38,-0.01,191,293758,卖盘
2480,13:10:07,15.38,0.0,142,218413,卖盘
2481,13:10:10,15.39,0.01,89,136971,买盘
2482,13:10:13,15.39,0.0,35,53865,卖盘
2483,13:10:16,15.39,0.0,93,143127,卖盘
2484,13:10:19,15.39,0.0,236,363204,卖盘
2485,13:10:21,15.39,0.0,60,92340,买盘
2486,13:10:25,15.39,0.0,24,36936,买盘
2487,13:10:27,15.39,0.0,285,438512,买盘
2488,13:10:31,15.39,0.0,237,364682,买盘
2489,13:10:34,15.4,0.01,281,432740,买盘
2490,13:10:37,15.41,0.01,148,228042,买盘
2491,13:10:40,15.4,-0.01,180,277319,卖盘
2492,13:10:43,15.42,0.02,10,15420,买盘
2493,13:10:46,15.42,0.0,264,407078,买盘
2494,13:10:49,15.41,-0.01,26,40091,卖盘
2495,13:10:52,15.42,0.01,54,83240,买盘
2496,13:10:55,15.42,0.0,84,129528,买盘
2497,13:10:58,15.42,0.0,118,181949,买盘
2498,13:11:01,15.41,-0.01,39,60126,卖盘
2499,13:11:05,15.42,0.01,19,29296,买盘
2500,13:11:07,15.41,-0.01,29,44715,卖盘
2501,13:11:10,15.42,0.01,19,29822,买盘
2502,13:11:13,15.42,0.0,32,49371,卖盘
2503,13:11:16,15.42,0.0,41,63245,卖盘
2504,13:11:19,15.42,0.0,10,15420,卖盘
2505,13:11:22,15.42,0.0,1,1542,卖盘
2506,13:11:25,15.42,0.0,20,30840,卖盘
2507,13:11:28,15.43,0.01,21,32393,买盘
2508,13:11:31,15.42,-0.01,10,15423,卖盘
2509,13:11:34,15.43,0.01,122,188176,买盘
2510,13:11:37,15.43,0.0,75,115725,买盘
2511,13:11:40,15.42,-0.01,186,286908,卖盘
2512,13:11:43,15.43,0.01,62,95614,中性盘
2513,13:11:52,15.44,0.01,2,3088,买盘
2514,13:11:55,15.43,-0.01,51,78736,卖盘
2515,13:11:58,15.44,0.01,70,108080,买盘
2516,13:12:00,15.44,0.0,63,97272,买盘
2517,13:12:05,15.44,0.0,19,29349,卖盘
2518,13:12:07,15.44,0.0,184,284096,卖盘
2519,13:12:10,15.44,0.0,40,61760,买盘
2520,13:12:13,15.45,0.01,91,140585,买盘
2521,13:12:16,15.45,0.0,47,72615,买盘
2522,13:12:18,15.45,0.0,265,409425,买盘
2523,13:12:22,15.45,0.0,7,10815,买盘
2524,13:12:24,15.45,0.0,5,7725,卖盘
2525,13:12:28,15.45,0.0,4,6180,买盘
2526,13:12:34,15.45,0.0,19,29355,卖盘
2527,13:12:37,15.46,0.01,5,7730,买盘
2528,13:12:40,15.45,-0.01,89,137518,卖盘
2529,13:12:43,15.45,0.0,53,81885,买盘
2530,13:12:46,15.45,0.0,124,191580,买盘
2531,13:12:49,15.45,0.0,41,63343,买盘
2532,13:12:52,15.45,0.0,20,30900,买盘
2533,13:12:54,15.45,0.0,13,20085,买盘
2534,13:12:58,15.45,0.0,14,21630,买盘
2535,13:13:01,15.45,0.0,60,92683,买盘
2536,13:13:05,15.45,0.0,118,182292,买盘
2537,13:13:07,15.45,0.0,25,38625,买盘
2538,13:13:09,15.45,0.0,165,254889,买盘
2539,13:13:13,15.45,0.0,12,18540,买盘
2540,13:13:16,15.45,0.0,484,747530,买盘
2541,13:13:19,15.45,0.0,73,112785,买盘
2542,13:13:22,15.45,0.0,161,248807,买盘
2543,13:13:25,15.45,0.0,10,15450,卖盘
2544,13:13:27,15.45,0.0,88,135960,卖盘
2545,13:13:33,15.45,0.0,16,24720,买盘
2546,13:13:37,15.45,0.0,35,54075,买盘
2547,13:13:40,15.45,0.0,11,16995,买盘
2548,13:13:43,15.45,0.0,70,108150,买盘
2549,13:13:46,15.45,0.0,205,316725,卖盘
2550,13:13:49,15.45,0.0,11,16995,卖盘
2551,13:13:52,15.45,0.0,64,98880,卖盘
2552,13:13:55,15.45,0.0,118,182353,卖盘
2553,13:13:58,15.45,0.0,342,528390,卖盘
2554,13:14:07,15.45,0.0,13,20085,买盘
2555,13:14:09,15.45,0.0,14,21630,买盘
2556,13:14:13,15.45,0.0,95,146772,买盘
2557,13:14:15,15.45,0.0,53,81864,买盘
2558,13:14:19,15.45,0.0,1,1545,买盘
2559,13:14:22,15.45,0.0,6,9267,买盘
2560,13:14:25,15.45,0.0,33,50962,买盘
2561,13:14:31,15.45,0.0,25,38620,买盘
2562,13:14:33,15.44,-0.01,38,58702,卖盘
2563,13:14:37,15.44,0.0,99,152859,卖盘
2564,13:14:40,15.44,0.0,22,33978,卖盘
2565,13:14:43,15.44,0.0,193,298181,卖盘
2566,13:14:46,15.45,0.01,55,84957,买盘
2567,13:14:48,15.45,0.0,180,278100,买盘
2568,13:14:52,15.45,0.0,16,24720,卖盘
2569,13:14:55,15.45,0.0,99,153047,卖盘
2570,13:15:01,15.46,0.01,64,98944,买盘
2571,13:15:04,15.45,-0.01,57,88114,卖盘
2572,13:15:07,15.46,0.01,7,10822,买盘
2573,13:15:09,15.46,0.0,7,10816,买盘
2574,13:15:13,15.45,-0.01,110,169951,卖盘
2575,13:15:16,15.46,0.01,31,47924,买盘
2576,13:15:19,15.45,-0.01,189,292005,卖盘
2577,13:15:22,15.46,0.01,33,50998,买盘
2578,13:15:25,15.46,0.0,68,105128,买盘
2579,13:15:28,15.46,0.0,420,649305,买盘
2580,13:15:31,15.46,0.0,52,80371,买盘
2581,13:15:34,15.46,0.0,10,15460,买盘
2582,13:15:37,15.46,0.0,70,108220,买盘
2583,13:15:40,15.46,0.0,5,7730,买盘
2584,13:15:43,15.46,0.0,33,51018,买盘
2585,13:15:46,15.46,0.0,54,83484,卖盘
2586,13:15:49,15.46,0.0,22,34012,卖盘
2587,13:15:52,15.46,0.0,24,37104,卖盘
2588,13:15:55,15.47,0.01,42,64959,买盘
2589,13:15:58,15.47,0.0,10,15467,买盘
2590,13:16:01,15.46,-0.01,45,69570,卖盘
2591,13:16:05,15.46,0.0,53,81968,卖盘
2592,13:16:07,15.47,0.01,105,162342,买盘
2593,13:16:09,15.46,-0.01,19,29374,卖盘
2594,13:16:13,15.47,0.01,21,32477,买盘
2595,13:16:16,15.46,-0.01,15,23195,卖盘
2596,13:16:19,15.47,0.01,12,18564,买盘
2597,13:16:22,15.46,-0.01,33,51020,卖盘
2598,13:16:25,15.46,0.0,100,154600,卖盘
2599,13:16:28,15.47,0.01,77,119064,买盘
2600,13:16:34,15.46,-0.01,20,30920,卖盘
2601,13:16:37,15.47,0.01,7,10829,买盘
2602,13:16:40,15.47,0.0,120,185620,买盘
2603,13:16:43,15.47,0.0,32,49481,买盘
2604,13:16:46,15.47,0.0,2,3094,买盘
2605,13:16:49,15.47,0.0,35,54129,买盘
2606,13:16:52,15.47,0.0,13,20106,买盘
2607,13:16:57,15.47,0.0,121,187163,买盘
2608,13:17:00,15.46,-0.01,41,63386,卖盘
2609,13:17:04,15.45,-0.01,134,207100,卖盘
2610,13:17:07,15.46,0.01,10,15460,中性盘
2611,13:17:10,15.46,0.0,12,18552,买盘
2612,13:17:13,15.46,0.0,8,12375,卖盘
2613,13:17:16,15.46,0.0,20,30920,卖盘
2614,13:17:19,15.47,0.01,117,180963,买盘
2615,13:17:21,15.46,-0.01,21,32466,卖盘
2616,13:17:25,15.47,0.01,104,160788,买盘
2617,13:17:28,15.47,0.0,1,1547,买盘
2618,13:17:31,15.47,0.0,446,689962,买盘
2619,13:17:37,15.47,0.0,3,4641,卖盘
2620,13:17:40,15.47,0.0,50,77373,卖盘
2621,13:17:43,15.48,0.01,36,55728,买盘
2622,13:17:46,15.47,-0.01,2,3094,卖盘
2623,13:17:52,15.47,0.0,2,1918,卖盘
2624,13:17:58,15.47,0.0,7,10831,卖盘
2625,13:18:01,15.47,0.0,14,21658,卖盘
2626,13:18:05,15.48,0.01,10,15480,买盘
2627,13:18:07,15.48,0.0,42,65004,买盘
2628,13:18:10,15.47,-0.01,64,99010,卖盘
2629,13:18:13,15.48,0.01,20,30958,买盘
2630,13:18:16,15.48,0.0,46,71208,买盘
2631,13:18:19,15.48,0.0,739,1143954,买盘
2632,13:18:21,15.48,0.0,119,184190,买盘
2633,13:18:25,15.48,0.0,64,99068,买盘
2634,13:18:28,15.48,0.0,20,30960,买盘
2635,13:18:31,15.48,0.0,21,32508,买盘
2636,13:18:34,15.48,0.0,698,1080504,买盘
2637,13:18:37,15.48,0.0,221,342106,买盘
2638,13:18:40,15.48,0.0,140,216720,买盘
2639,13:18:42,15.48,0.0,76,117648,买盘
2640,13:18:49,15.49,0.01,11,17039,买盘
2641,13:18:51,15.49,0.0,23,35605,买盘
2642,13:18:55,15.49,0.0,35,54215,买盘
2643,13:18:58,15.49,0.0,38,58862,买盘
2644,13:19:01,15.49,0.0,10,15490,买盘
2645,13:19:07,15.49,0.0,6,9294,买盘
2646,13:19:12,15.48,-0.01,1,1548,卖盘
2647,13:19:16,15.49,0.01,49,75855,买盘
2648,13:19:19,15.48,-0.01,158,244740,卖盘
2649,13:19:22,15.49,0.01,246,381040,买盘
2650,13:19:25,15.49,0.0,16,24784,卖盘
2651,13:19:28,15.49,0.0,116,179684,卖盘
2652,13:19:31,15.49,0.0,24,37176,卖盘
2653,13:19:34,15.5,0.01,47,72826,买盘
2654,13:19:36,15.5,0.0,36,55797,买盘
2655,13:19:40,15.49,-0.01,1,1549,卖盘
2656,13:19:42,15.5,0.01,13,20150,买盘
2657,13:19:46,15.5,0.0,8,12400,买盘
2658,13:19:49,15.49,-0.01,12,18960,卖盘
2659,13:19:52,15.5,0.01,332,514450,买盘
2660,13:19:55,15.49,-0.01,147,227841,卖盘
2661,13:19:57,15.49,0.0,22,34078,卖盘
2662,13:20:05,15.5,0.01,71,110023,买盘
2663,13:20:07,15.5,0.0,188,291359,买盘
2664,13:20:10,15.5,0.0,133,206138,买盘
2665,13:20:13,15.5,0.0,71,110050,买盘
2666,13:20:15,15.5,0.0,590,914520,买盘
2667,13:20:19,15.52,0.02,194,300900,买盘
2668,13:20:22,15.5,-0.02,22,34100,卖盘
2669,13:20:25,15.5,0.0,16,24800,卖盘
2670,13:20:28,15.5,0.0,165,255834,卖盘
2671,13:20:31,15.51,0.01,231,358495,买盘
2672,13:20:34,15.52,0.01,12,18613,买盘
2673,13:20:37,15.5,-0.02,42,65127,卖盘
2674,13:20:40,15.5,0.0,37,57356,卖盘
2675,13:20:43,15.51,0.01,8,12415,中性盘
2676,13:20:46,15.5,-0.01,103,159672,卖盘
2677,13:20:49,15.51,0.01,280,434113,买盘
2678,13:20:51,15.5,-0.01,275,425848,卖盘
2679,13:20:55,15.51,0.01,431,668786,买盘
2680,13:20:58,15.5,-0.01,5,7750,买盘
2681,13:21:01,15.5,0.0,56,86800,买盘
2682,13:21:05,15.5,0.0,28,43415,买盘
2683,13:21:07,15.5,0.0,70,108511,卖盘
2684,13:21:09,15.5,0.0,13,20155,卖盘
2685,13:21:13,15.5,0.0,96,148806,卖盘
2686,13:21:16,15.51,0.01,200,310014,买盘
2687,13:21:19,15.5,-0.01,36,55800,买盘
2688,13:21:21,15.49,-0.01,3,4649,卖盘
2689,13:21:25,15.5,0.01,60,93004,买盘
2690,13:21:28,15.5,0.0,12,18602,卖盘
2691,13:21:30,15.5,0.0,17,26347,中性盘
2692,13:21:34,15.5,0.0,26,40310,卖盘
2693,13:21:37,15.5,0.0,49,75950,卖盘
2694,13:21:40,15.5,0.0,58,89900,卖盘
2695,13:21:43,15.5,0.0,2,3100,买盘
2696,13:21:46,15.5,0.0,11,17050,买盘
2697,13:21:49,15.5,0.0,7,10850,买盘
2698,13:21:52,15.49,-0.01,12,18588,卖盘
2699,13:21:54,15.5,0.01,264,409200,买盘
2700,13:21:58,15.5,0.0,56,86800,卖盘
2701,13:22:01,15.5,0.0,21,32550,卖盘
2702,13:22:04,15.5,0.0,32,49595,卖盘
2703,13:22:07,15.49,-0.01,31,48049,卖盘
